3802 5606
812 1235 1116 1340 Anhang

901 1455 1031 1463 ’.ι-.-

321 1599 462 1677 Auszug
485 1616 548 1661 aus
573 1602 634 1661 der
657 1601 945 1676 Korrespondenz
970 1602 1030 1662 des
1054 1600 1238 1661 Kardinals
1262 1599 1434 1661 Giovanni
1457 1600 1608 1671 salvian,

350 1725 565 1799 papstticnen
588 1725 741 1802 Legaten
764 1726 799 1785 in
823 1724 1056 1797 Frankreich,
1080 1725 1115 1784 in
1139 1726 1206 1786 den
1228 1724 1584 1802 Jahren1527-1529.

949 1897 983 1978 L

479 2055 529 2120 An
555 2052 778 2122 Baldassare
802 2054 1061 2142 Castiglione‚
1085 2054 1224 2123 Nuntius
1247 2056 1279 2122 in
1304 2055 1452 2143 Spanien.

656 2161 870 2249 Compiegne‚
899 2182 946 2229 10.
970 2160 1156 2250 September
1185 2181 1276 2248 1527.

390 2318 603 2391 Verbandlungen
631 2321 753 2390 (wischen
776 2320 863 2390 Fran(
887 2320 907 2373 I.
936 2322 989 2373 und
1014 2320 1146 2375 Kardinal
1168 2321 1274 2391 Wolsey,
1300 2320 1433 2375 Absichten
1459 2321 1501 2373 des
1528 2321 1653 2389 letrteren.

284 2408 395 2477 Kaaner
413 2408 458 2461 Du
479 2407 540 2461 Prat
560 2409 612 2461 und
629 2411 697 2463 scine
716 2409 874 2481 Ernennung
893 2426 948 2478 (um
968 2408 1106 2462 Kardinul.

388 2549 514 2630 Questo
539 2550 634 2618 Rmo.
659 2548 858 2617 Eboracense
881 2550 920 2616 ba
936 2549 1101 2632 conclus0‚
1125 2572 1219 2617 conre
1236 2551 1279 2617 ho
1295 2551 1416 2632 scritt0‚
1440 2548 1460 2615 il
1479 2548 1652 2637 parentatio

281 2677 337 2742 per
360 2655 505 2744 Monsgr.
529 2656 692 2729 d’Orliens
716 2677 746 2724 et
770 2656 798 2723 la
821 2679 897 2744 pace
920 2669 1085 2744 perpetua,
1114 2676 1144 2723 et
1173 2657 1198 2723 si
1228 2657 1473 2724 &intrinsecam
1501 2655 1577 2723 assai
1603 2654 1654 2722 col

284 2763 543 2846 Cristianissinr0‚
572 2783 603 2831 et
627 2786 689 2832 eon
713 2776 826 2854 questo
850 2775 995 2851 pretextu
1018 2762 1048 2830 di
1072 2762 1201 2831 liberare
1224 2764 1265 2830 N.
1286 2763 1421 2851 Signore
1445 2761 1508 2830 fari
1531 2772 1653 2831 entrare

284 2869 364 2937 nella
387 2893 500 2958 guerra
523 2868 641 2937 d’Italia
665 2890 695 2937 et
719 2869 804 2937 forse
832 2870 863 2936 di
886 2868 1018 2937 Fiandra
1046 2868 1314 2958 gagliardarnente
1343 2869 1364 2936 ii
1392 2892 1451 2936 suo
1475 2892 1524 2951 re,
1554 2892 1652 2957 pensa

284 2974 402 3043 d'esser
418 2977 538 3064 Legato
563 2977 594 3043 in
616 2976 802 3063 Inghilterra
826 2995 856 3043 et
879 2977 1008 3043 Francia
1032 2987 1063 3043 et
1079 2999 1173 3043 corne
1190 2974 1256 3043 dire
1272 2974 1448 3058 pontefice,
1473 2988 1503 3043 et
1523 2986 1653 3042 costoro

283 3104 339 3169 per
363 3080 383 3147 il
406 3080 544 3169 bisogno
568 3101 819 3149 acconsentono.
867 3081 957 3150 Vede
976 3084 1094 3150 Vostra
1111 3083 1267 3171 Signoria,
1285 3105 1349 3171 quo
1365 3105 1415 3151 res
1431 3095 1558 3150 nostrae
1580 3080 1653 3148 loco

284 3188 346 3255 sint
353 3213 362 3270 ;
386 3211 438 3254 ma
461 3211 495 3255 se
520 3189 559 3255 N.
585 3189 721 3276 Signore
744 3190 770 3254 si
787 3188 944 3271 liberasse,
967 3213 985 3255 a
1004 3202 1087 3256 tutto
1104 3191 1128 3255 si
1145 3187 1332 3256 rimedieria.
1373 3189 1490 3255 Vostra
1507 3188 1652 3276 Signoria

284 3308 379 3383 tenga
402 3306 484 3362 tutto
509 3296 541 3361 in
565 3318 599 3361 se
624 3320 641 3362 e
663 3294 759 3363 faccia
782 3294 883 3385 quella
906 3295 1012 3363 buona
1036 3318 1132 3384 opera
1157 3296 1215 3362 che
1239 3298 1313 3383 pub.
1360 3296 1374 3362 Ι
1398 3293 1544 3362 cardinali
1567 3292 1655 3361 liberi

284 3400 402 3469 d’Italia
424 3424 492 3469 non
516 3424 673 3469 verranno
696 3401 892 3471 altramente.
940 3403 980 3469 N.
1004 3403 1138 3490 Signore
1162 3425 1218 3490 per
1242 3402 1396 3469 necessit&
1420 3403 1494 3467 creb
1518 3419 1566 3468 tre
1590 3422 1654 3468 car·

284 3508 379 3576 dinali
402 3520 449 3575 tre
473 3507 502 3575 di
535 3509 660 3575 innanzi
690 3508 717 3576 la
746 3511 835 3576 ruina
863 3508 893 3576 di
923 3510 1026 3578 Roma
1056 3521 1087 3576 et
1118 3532 1209 3596 prese
1240 3510 1248 3574 i
1279 3509 1346 3576 voti
1377 3530 1433 3596 per
1464 3507 1541 3574 certi
1571 3505 1637 3574 altri
1645 3533 1654 3589 ;

286 3626 400 3703 questo
424 3612 608 3682 cancelliere
632 3613 662 3682 di
679 3615 807 3683 Francia
831 3616 870 3682 ha
894 3617 1008 3696 intes0,
1033 3615 1091 3683 che
1114 3616 1232 3704 presei
1255 3615 1323 3682 voti
1346 3637 1401 3703 per
1416 3612 1469 3695 lui,
1494 3624 1525 3680 et
1540 3632 1656 3680 ancora

285 3721 344 3787 che
366 3743 434 3787 non
458 3722 503 3787 sia
526 3720 694 3809 publicare,
718 3744 816 3809 pensa
838 3721 869 3789 di
893 3721 1021 3809 pigliare
1045 3720 1187 3807 l’habito.
1233 3720 1323 3787 Vede
1340 3720 1380 3787 V.
1398 3720 1441 3801 3.,
1465 3732 1544 3809 quot
1565 3717 1655 3786 undi-

285 3848 346 3914 que
369 3829 541 3914 angustiae.
566 3867 607 3876 -

390 3933 516 4014 Questo
545 3934 640 4001 Rmo.
670 3932 868 4021 Eboraeense
897 3935 1010 4021 partiri
1044 3932 1075 4001 di
1104 3936 1165 4022 qui
1191 3931 1236 3999 fra
1264 3933 1360 4020 pochi
1392 3933 1498 4020 giorni
1530 3944 1561 3999 et
1588 3954 1655 3998 non

285 4042 375 4106 verri
398 4041 451 4127 pib
479 4040 597 4121 avanti,
628 4043 669 4106 ne
701 4039 796 4107 credo
825 4041 936 4128 aspetti
961 4038 989 4106 la
1012 4041 1146 4127 risposta
1175 4038 1386 4127 d’Hispagnn,
1414 4060 1508 4105 corne
1537 4037 1656 4105 haveva

286 4144 385 4228 detto,
409 4143 658 4234 importandogli
681 4169 749 4213 non
773 4169 857 4233 poco
881 4145 901 4212 il
924 4146 1079 4213 ritornare
1102 4148 1135 4212 in
1158 4144 1282 4233 Anglia.

392 4270 606 4358 Compiegne,
635 4289 683 4336 10.
708 4269 895 4358 September
923 4290 1015 4357 1527.

496 4446 657 4500 Nunziatura
682 4446 707 4499 di
733 4445 841 4501 Francia
866 4447 886 4501 1.
912 4464 937 4519 p.
961 4462 1003 4519 49.
1041 4447 1076 4500 Zu
1100 4446 1152 4500 den
1171 4444 1397 4514 Verharrdlungen
1423 4442 1571 4497 betreffend
1588 4442 1656 4495 Ver-

391 4536 520 4607 rnahlung
539 4534 585 4589 der
603 4535 853 4589 PrinzessinMaria
877 4536 924 4589 nrit
944 4534 1026 4589 Franz
1045 4536 1064 4589 1.
1084 4534 1165 4588 selbst
1187 4533 1253 4589 oder
1271 4533 1318 4587 mit
1337 4532 1439 4585 seinern
1463 4530 1657 4585 zweitiltesten

391 4626 482 4679 Sohne
506 4641 526 4678 s.
546 4623 588 4677 die
601 4624 732 4695 Vertrige
757 4624 798 4677 bei
817 4625 860 4677 Du
879 4624 968 4689 Mont,
988 4623 1075 4694 Corps
1094 4623 1203 4695 diplom.
1222 4622 1268 4676 IV.
1295 4639 1319 4692 p.
1338 4620 1398 4689 478,
1418 4637 1443 4674 n.
1463 4633 1488 4686 4,
1507 4633 1567 4692 492,
1586 4636 1611 4674 n.
1631 4633 1656 4673 2.

391 4703 464 4768 Uber
479 4711 605 4784 Wolseys
617 4712 765 4767 Absicbten
784 4712 913 4766 wahrend
931 4713 978 4766 der
991 4710 1219 4783 Gesangenschaft
1239 4710 1285 4763 des
1298 4710 1409 4780 Papstes
1428 4707 1481 4760 und
1500 4708 1564 4762 uber
1582 4708 1657 4762 seine

391 4800 592 4871 beschleunigte
610 4801 722 4855 Abreise
746 4818 767 4855 s.
786 4800 886 4856 Histor.
904 4801 992 4871 Jahrb.
1014 4801 1089 4867 1888,
1113 4801 1138 4854 S.
1159 4814 1206 4853 221
1223 4799 1249 4865 s.,
1268 4798 1322 4863 624
1340 4796 1365 4863 i,
1389 4796 1459 4850 oben
1478 4795 1525 4851 Nr.
1544 4810 1568 4861 4.
1604 4795 1656 4849 Die

391 4888 663 4956 Kardinalskreation,
682 4905 736 4943 von
759 4888 878 4943 welcher
900 4888 1007 4942 Salviati
1030 4888 1142 4960 spricht‚
1165 4888 1238 4941 hatte
1261 4904 1305 4940 arn
1327 4901 1349 4954 3.
1371 4883 1425 4937 Mai
1448 4883 1656 4955 stattgefunden.

392 4976 493 5031 Blasius
513 4994 566 5031 von
581 4976 694 5044 Cesena,
714 4976 760 5031 der
779 4978 804 5031 in
824 4978 926 5032 seinenn
939 4977 1058 5031 Diariunt
1078 4976 1198 5030 Naheres
1218 4975 1328 5030 daritber
1347 4972 1460 5039 mitteilt,
1479 4980 1562 5027 neunt
1581 4971 1658 5026 dabei
