3836 5598
271 375 337 432 1529
354 360 414 433 Juli.
1576 348 1637 410 121

268 519 495 590 consistorialis
519 519 747 589 advocatorum
772 520 906 589 consilio
931 534 961 590 et
985 522 1156 603 sententia,
1186 532 1219 588 ut
1243 519 1333 588 Tuae
1356 520 1527 603 Maiestati,
1552 521 1640 588 cuius

268 624 445 710 desideriis,
475 647 629 718 qnantum
653 652 726 696 curn
750 628 823 695 Deo
852 628 940 710 licet,
971 628 1012 696 ob
1037 629 1103 696 eius
1128 650 1201 713 erga
1224 649 1285 694 nos
1308 626 1503 694 benemerita
1527 646 1558 694 et
1581 627 1639 693 im·

267 755 363 821 pensa
394 733 520 801 servitia
551 757 677 822 semper
709 733 887 801 satisfacere
919 753 949 802 et
982 733 1025 801 illi
1058 757 1182 801 morem
1214 756 1324 821 gerere
1358 731 1607 800 desideravimus
1618 737 1639 815 ¹,

268 840 503 908 commisimus:
528 841 570 908 ita
585 864 680 922 nunc,
705 839 821 907 eodem
839 840 974 908 Caesare
997 864 1033 907 ac
1050 840 1184 908 Cannis.
1210 838 1280 907 filiis
1304 841 1421 907 nostris
1437 835 1638 907 Ferdinando

267 945 447 1032 Hungariae
471 958 503 1014 et
526 945 715 1029 Bohemiae,
744 959 775 1014 et
797 946 940 1014 Iohanne
964 945 1180 1034 Portugalium
1205 965 1236 1014 et
1259 944 1482 1034 Algarbiorum
1513 944 1639 1032 regibus

265 1049 373 1119 Illmis.
397 1050 640 1120 reclamantibus
664 1063 694 1119 et
718 1051 843 1119 anobis
867 1053 1015 1121 iustitiam
1040 1051 1144 1120 eidem
1162 1052 1351 1121 Catherinae
1374 1052 1502 1139 reginae
1526 1073 1637 1119 eorum

266 1158 380 1224 amitae
404 1157 573 1225 ministrari
595 1157 784 1246 petentibus,
808 1159 926 1227 scilicet
949 1160 1213 1227 commissionem
1235 1181 1345 1226 causae
1369 1157 1597 1247 appellationis,
1621 1180 1639 1223 a

267 1263 360 1330 certis
386 1264 560 1352 praetensis
587 1264 820 1352 gravaminibus
848 1288 905 1354 per
933 1264 1065 1333 eosdem
1097 1265 1218 1354 legatos
1247 1265 1303 1332 sibi
1334 1264 1424 1332 illatis
1454 1287 1510 1353 per
1537 1264 1637 1351 ipsam

267 1369 472 1437 Catherinam
489 1372 631 1458 reginam
649 1367 688 1437 ad
704 1369 820 1438 Sedem
838 1371 1057 1460 Apostolicam
1073 1372 1287 1459 interpositae,
1307 1371 1339 1437 in
1354 1369 1514 1457 signatura
1530 1391 1639 1436 coram

267 1473 360 1542 nobis
383 1494 414 1544 et
442 1474 659 1544 referendariis
690 1478 898 1565 propositam,
915 1519 955 1527 —-
980 1478 1127 1545 omnium
1150 1473 1436 1545 referendariorum
1460 1494 1538 1542 voto
1563 1497 1639 1543 con-

267 1580 387 1650 clusum
403 1580 471 1665 fuit,
494 1584 688 1671 signaturam
705 1581 807 1651 dictae
830 1585 1068 1651 commissionis
1092 1607 1163 1651 curn
1182 1605 1292 1650 causae
1317 1579 1497 1649 huiusmodi
1514 1604 1532 1648 a
1548 1579 1639 1648 dictis

265 1685 375 1776 legatis
389 1674 613 1756 'abvocatione
637 1708 668 1756 et
697 1678 885 1757 inhibitione
913 1713 969 1779 per
997 1712 1068 1773 nos,
1096 1689 1210 1757 iustitia
1239 1685 1270 1754 id
1299 1689 1461 1776 exigente,
1490 1685 1640 1775 denegari

266 1815 333 1860 non
356 1818 461 1883 posse.
507 1794 634 1862 Tamen
658 1796 922 1864 commissionem
951 1797 1051 1885 ipsam
1074 1797 1199 1884 signare
1223 1794 1400 1863 distulimus
1432 1817 1467 1862 ac
1490 1816 1558 1861 rem
1583 1816 1639 1882 pet

266 1921 380 1968 omnes
409 1901 440 1968 S.
465 1901 502 1969 R.
531 1902 565 1969 E.
590 1898 762 1969 cardinales
791 1902 824 1969 in
853 1925 952 1969 unum
983 1915 1196 1991 congregatos
1225 1923 1284 1990 pro
1312 1902 1379 1968 iure
1407 1923 1443 1968 ac
1471 1899 1639 1988 diligenter

266 2007 436 2074 examinari
459 2026 490 2075 et
514 2029 626 2075 eorum
650 2020 777 2090 votum,
806 2005 881 2098 quid
911 2031 967 2097 per
995 2030 1055 2076 nos
1085 2009 1116 2075 in
1144 2008 1324 2097 praemissis
1354 2005 1515 2096 agendum
1543 2004 1636 2086 foret,

267 2110 370 2180 haberi
387 2110 546 2180 voluimus
552 2139 561 2195 ;
585 2114 660 2202 ipsis
677 2136 754 2181 vero
771 2114 912 2181 unamini
929 2134 1007 2181 voto
1024 2112 1261 2196 affirmantibus,
1281 2113 1382 2183 dictae
1399 2111 1638 2180 commissionis

265 2218 457 2306 signaturam
474 2217 599 2287 differre
618 2242 685 2287 non
704 2221 876 2308 potuimus.
917 2219 1121 2309 Quapropter
1137 2220 1337 2287 Maiestatem
1353 2218 1459 2286 Tuam
1474 2240 1637 2306 rogamus,

265 2335 300 2391 ut
321 2347 423 2413 aequo
446 2326 554 2393 animo
578 2324 665 2409 ferat,
689 2327 715 2393 si
737 2339 812 2414 post
827 2349 958 2409 annum,
982 2349 1047 2416 quo
1064 2326 1155 2394 huius
1178 2325 1416 2393 commissionis
1440 2326 1635 2413 signaturam

265 2429 397 2498 anobis
421 2432 551 2518 petitam
582 2444 613 2500 et
635 2455 691 2521 per
714 2454 775 2499 nos
798 2454 1030 2521 saepenumero
1053 2431 1110 2499 alia
1134 2450 1227 2522 atque
1250 2431 1307 2498 alia
1331 2430 1370 2499 de
1394 2453 1485 2499 causa
1513 2431 1639 2518 signare

266 2533 402 2619 dilatam,
426 2538 500 2626 ipsis
516 2537 626 2626 legatis
650 2539 682 2605 in
699 2561 790 2605 causa
813 2539 880 2627 ipsa
902 2537 1175 2627 procedentibus,²
1197 2549 1229 2606 et
1251 2539 1317 2626 ipsa
1340 2538 1448 2626 regina
1467 2535 1639 2604 Catherina

264 2640 447 2710 huiusmodi
470 2645 664 2731 signaturam
680 2656 819 2732 petente,
843 2668 882 2712 ex
905 2644 1190 2713 referendariorum
1214 2656 1246 2711 et
1262 2644 1408 2711 omnium
1432 2640 1637 2711 cardinalium

265 2768 421 2816 consentu
448 2749 577 2818 tandem
605 2752 729 2839 signare
753 2751 853 2819 coacti
882 2748 1044 2833 fuerimus,
1073 2774 1114 2819 ne
1138 2748 1177 2818 de
1202 2748 1294 2818 nobis
1322 2750 1402 2817 iuste
1426 2747 1535 2838 aliquis
1560 2770 1637 2815 con-

265 2855 353 2941 queri
376 2854 472 2923 aede
495 2856 660 2925 Maiestate
683 2856 755 2924 Tua
778 2856 908 2947 obloqui
932 2871 1050 2945 posset.
1097 2857 1147 2925 De
1163 2856 1275 2947 quibus
1299 2855 1448 2924 omnibus
1472 2853 1563 2922 latius
1580 2875 1636 2942 per

266 2956 317 3026 dil.
336 2958 437 3029 filium
460 2974 606 3031 nostrum
630 2962 819 3032 cardinalem
837 2964 1049 3053 Campegium
1068 2965 1217 3032 Maiestas
1233 2963 1305 3032 Tua
1326 2961 1450 3052 plenius
1473 2958 1636 3028 informari

264 3067 392 3152 poterit.

370 3172 489 3242 Datum
513 3176 637 3244 Romae
661 3173 711 3242 die
735 3196 783 3261 19.
807 3174 877 3243 Iulii
903 3194 996 3262 1529.
1043 3177 1141 3243 Anno
1165 3186 1266 3244 sexto.

1152 3299 1187 3367 L.
1212 3299 1284 3368 Car.
1307 3298 1361 3366 SS.
1386 3309 1530 3388 quatuor,

475 3437 551 3493 Brev.
577 3439 640 3493 min
660 3438 952 3505 ct.vt1.v01.24,n.
974 3439 1032 3494 116.
1069 3441 1125 3495 Der
1148 3440 1362 3496 unterzeiehnete
1385 3437 1510 3494 Kardinal
1534 3438 1567 3490 ist
1590 3435 1637 3489 der

371 3523 613 3599 Grofsponitentiar
625 3527 781 3582 Laurentius
795 3528 882 3595 Pucci,
902 3527 1002 3583 Oheim
1021 3528 1068 3582 cles
1087 3530 1312 3599 obengenannten
1331 3525 1453 3582 Bischofs
1472 3543 1526 3580 von
1539 3524 1636 3594 Pistoja

371 3612 424 3667 und
447 3619 570 3686 spateren
589 3614 727 3669 Kardinals
745 3615 878 3671 Antonius
897 3615 985 3672 Pucei.
1022 3617 1077 3671 Das
1101 3616 1280 3672 vorstehende
1303 3616 1383 3670 stret
1408 3616 1453 3669 hat
1476 3631 1539 3668 man
1562 3612 1637 3666 wohl

371 3700 410 3756 als
427 3702 469 3757 die
488 3702 661 3775 eigenthche,
685 3720 716 3757 so
735 3721 767 3758 zu
785 3721 869 3775 sagen
887 3704 1010 3759 offirielle
1028 3704 1180 3778 Mitteilung
1203 3705 1268 3759 taber
1286 3705 1328 3759 die
1351 3702 1466 3775 erfolgte
1485 3700 1637 3756 Avolation

372 3807 403 3844 zu
421 3790 584 3859 betrachten,
602 3791 731 3846 wahrend
749 3792 791 3847 die
811 3791 906 3847 beiden
924 3792 1070 3864 folgenden
1091 3793 1168 3847 mehr
1186 3789 1570 3863 Entschuldigungsschreiben
1589 3789 1637 3842 des

371 3877 481 3949 Papstes
505 3897 537 3933 an
557 3879 683 3934 Heinrich
707 3880 760 3934 und
780 3880 893 3951 Wolsey
911 3879 977 3934 sind.
1014 3881 1040 3935 S.
1060 3882 1096 3934 im
1115 3881 1227 3953 t‘rbrigen
1250 3881 1293 3934 die
1317 3890 1397 3934 unten
1421 3877 1567 3951 folgenden
1586 3876 1636 3930 Be·

372 3965 544 4038 merkungen.
581 3966 617 4020 Zu
640 3966 701 4021 dem
715 3967 816 4022 Votum
840 3968 886 4022 der
904 3968 1046 4023 Kardinfile
1069 3969 1153 4041 vergl.
1173 3970 1215 4024 die
1238 3968 1334 4023 beiden
1353 3969 1554 4039 Eintragungen
1572 3982 1637 4019 vom

375 4051 413 4108 16.
432 4052 484 4124 Juli
505 4069 572 4127 1529
590 4056 617 4108 in
636 4054 687 4108 den
705 4054 969 4111 Konsistorialalrten.

919 4251 984 4336 59.

417 4406 597 4476 Clemens
615 4409 686 4477 vt1.
711 4430 750 4476 an
774 4410 960 4477 Heinrich
979 4410 1063 4478 VIII.
1110 4411 1206 4493 Rom,
1234 4432 1282 4497 19.
1305 4407 1365 4495 Juli
1393 4427 1485 4493 15²9·

374 4564 407 4619 So
425 4567 502 4638 lange
519 4568 568 4620 wie
586 4567 696 4638 moglicb
720 4567 781 4621 habe
798 4569 845 4621 der
863 4568 938 4641 Papst
955 4570 1012 4623 dem
1032 4569 1159 4639 Drangea
1176 4570 1223 4622 der
1241 4566 1424 4631 Kaiserliclren,
1446 4564 1543 4619 obwobl
1560 4563 1638 4616 deren

268 4653 449 4725 Forderungen
470 4672 541 4725 ganq
557 4655 692 4727 berecbtigt
714 4673 811 4721 waren,
834 4658 1031 4723 eviderstanden,
1055 4675 1098 4710 um
1121 4659 1182 4711 alles
1206 4658 1263 4710 dem
1283 4655 1371 4725 Konig
1392 4651 1585 4724 Unangenelrme
1606 4667 1638 4719 qu

267 4743 428 4806 vermct'den3
452 4743 551 4797 endlicb
568 4743 628 4797 aber
645 4744 707 4798 habe
724 4762 752 4797 er
770 4745 832 4799 doch
849 4746 896 4799 der
917 4745 1102 4817 Gerechtt'glreit
1120 4747 1173 4799 und
1190 4746 1236 4798 der
1253 4745 1439 4814 einstt‘mmr'gen
1456 4729 1638 4810 Mmtugung

269 4853 477 4861 ——-.—-—-

375 4926 385 4956 ¹
402 4918 465 4972 Hier
483 4920 587 4974 scheint
606 4920 649 4973 ein
658 4919 744 4987 Wort‚
764 4930 834 4975 etwa
853 4920 1068 4992 obsequeremur,
1087 4921 1114 4974 in
1132 4921 1179 4975 der
1192 4920 1293 4975 Minute
1312 4916 1501 4990 ausgeblieben
1520 4933 1551 4970 zu
1570 4914 1637 4969 sein.

375 4990 428 5044 ²8.
449 4989 519 5044 oben
537 4990 578 5044 die
597 4990 801 5063 Bemerlrungen
820 5009 851 5045 zu
871 4992 917 5045 Nr.
939 5007 978 5062 34
