3842 5592
259 396 323 451 1529
341 380 409 451 Juni.
1560 358 1622 423 105

358 541 421 594 aber
440 540 618 611 Campeggio,
637 537 699 592 dent
718 538 760 591 die
779 536 865 592 Briefe
884 538 991 609 gezeigr
1009 537 1120 591 worden
1140 536 1192 590 und
1211 534 1258 589 der
1276 533 1318 589 die
1337 533 1475 606 englische
1494 533 1622 588 Geheim·

358 628 449 683 schrift
467 628 541 682 nicht
560 628 668 692 133313,
693 626 771 681 sollte
790 626 863 680 diese
881 626 1009 680 Mirchen
1030 627 1057 680 in
1076 635 1168 696 gutem
1187 623 1309 679 Glauben
1328 623 1499 678 hinnehmen.
1530 621 1622 694 VergI.

359 717 474 782 Brewer,
493 717 539 771 IV.
559 734 583 770 3.
601 716 681 786 5764:
701 716 783 769 What
801 715 836 769 he
855 715 903 769 has
922 713 978 768 said
996 715 1082 769 above
1101 715 1181 767 about
1200 714 1246 767 the
1265 712 1361 784 pocket
1380 713 1460 783 being
1476 710 1582 783 opened
1600 712 1622 765 is

358 814 404 859 not
424 814 488 871 true,
509 807 554 859 but
572 805 607 859 he
622 814 708 859 wrote
726 805 754 871 it,
773 804 829 858 that
843 802 957 876 Wolsey
976 802 1061 874 might
1080 803 1159 857 show
1178 803 1196 856 it
1215 810 1244 856 to
1258 801 1437 873 Campeggio‚
1456 800 1476 854 ii
1494 800 1527 854 hc
1547 817 1621 854 com·

358 892 442 965 313133
462 893 494 948 of
508 895 554 947 the
574 893 747 965 nondeiivery
766 893 799 947 os
813 893 854 947 his
873 892 973 951 letters.

902 1124 969 1207 48.

393 1284 632 1372 Campeggio
655 1307 695 1350 an
718 1283 791 1369 Iac.
816 1280 984 1350 Salviati.
1031 1281 1181 1364 London‚
1207 1302 1257 1349 21.
1281 1281 1354 1368 Juni
1383 1299 1474 1366 1529.

356 1444 542 1515 Besriedigung
565 1445 592 1496 in
611 1443 733 1513 England
757 1443 816 1496 iiber
839 1444 888 1495 den
906 1442 1070 1495 Widerstand
1092 1442 1135 1494 des
1154 1441 1253 1513 Papstes
1274 1459 1357 1512 gagen
1378 1442 1420 1494 die
1439 1439 1621 1510 forderungen

248 1532 294 1585 der
312 1532 495 1585 Kaiserlichen.
536 1532 790 1603 Wt’rkungslosiglreit
811 1532 857 1584 der
875 1531 1040 1584 lutherischen
1063 1529 1195 1583 Umtriebe.
1234 1530 1285 1583 Die
1304 1529 1420 1601 Stellung
1439 1527 1572 1599 Englands
1590 1545 1621 1596 ru

247 1621 296 1673 den
314 1619 526 1692 Verbandlungen
549 1621 576 1673 in
598 1618 722 1674 Cambrai
743 1620 807 1673 noch
825 1622 915 1673 immer
939 1620 981 1672 die
996 1618 1100 1689 gleiche.
1137 1618 1194 1673 Das
1212 1618 1331 1688 Befinden
1353 1619 1396 1671 des
1415 1617 1521 1689 Papstes.
1559 1615 1621 1669 Per·

247 1709 374 1762 sonliches.
413 1707 615 1762 Provisort'scher
633 1708 734 1763 Bericht
753 1709 813 1762 ether
831 1710 874 1763 die
895 1707 1110 1779 Gerichtssitzung
1128 1725 1188 1762 vom
1207 1723 1248 1761 21.
1268 1706 1337 1776 Juni.

355 1848 453 1918 Illnre.
479 1862 537 1918 etc.
583 1848 645 1917 Alli
661 1850 755 1917 XVII
779 1851 962 1938 capitarono
986 1850 1015 1918 Ie
1030 1849 1070 1918 de
1086 1851 1204 1917 Vostra
1228 1849 1375 1936 Signoria
1397 1846 1437 1915 de
1452 1846 1566 1914 XXIX
1589 1845 1619 1914 di

248 1957 355 2044 magio
371 1969 487 2024 venute
512 1980 574 2025 con
590 1958 669 2024 assai
692 1955 862 2045 diligentia.
909 1958 947 2026 Et
970 1959 1071 2046 prima
1095 1979 1192 2024 erano
1208 1956 1339 2044 capitote
1364 1951 1465 2043 quelle
1489 1951 1529 2021 de
1544 1952 1619 2035 XV,

247 2085 264 2128 a
287 2060 316 2129 le
339 2061 420 2152 quali
444 2085 500 2151 per
523 2063 572 2130 via
595 2061 634 2130 de
651 2063 768 2131 Franza
789 2062 849 2131 feci
873 2065 1008 2153 risposta
1031 2062 1194 2152 duplicata,
1218 2074 1250 2130 et
1274 2059 1420 2129 desidero
1444 2060 1533 2126 siano
1557 2057 1619 2126 ben

248 2169 389 2257 capitote.
436 2170 489 2236 Ho
512 2170 668 2258 imprimis
691 2171 774 2238 visto
798 2168 819 2237 il
842 2182 952 2253 conte,
982 2170 1040 2239 che
1062 2168 1091 2237 la
1114 2170 1159 2236 mi
1185 2168 1215 2236 fa
1238 2165 1330 2235 dele
1353 2190 1409 2234 sue
1432 2165 1558 2248 lettere,
1588 2177 1619 2232 et

246 2274 405 2357 ritruovo,
434 2275 492 2343 che
518 2275 648 2344 tandem
679 2276 787 2343 hanno
816 2275 913 2345 hauto
941 2270 1007 2344 bon
1037 2277 1191 2364 recapito,
1220 2296 1314 2342 come
1342 2295 1397 2361 per
1427 2269 1456 2340 13
1484 2271 1619 2360 risposta

247 2382 360 2451 haveth
382 2383 492 2450 visto.¹

350 2489 380 2554 A
403 2501 512 2577 questa
531 2489 652 2557 Maesti
676 2500 707 2556 et
729 2491 824 2558 Rm0.
850 2492 867 2556 e
891 2487 994 2556 molto
1017 2489 1154 2577 piaciuto
1178 2499 1298 2577 quanto
1321 2485 1350 2554 13
1372 2486 1483 2567 scrire,
1508 2483 1567 2552 che
1589 2483 1618 2553 Ie

245 2596 465 2681 protestationi
490 2608 521 2663 et
545 2597 766 2664 commissioni
790 2594 829 2663 de
846 2596 975 2664 Cesarei
998 2598 1065 2662 cosi
1088 2618 1122 2663 se
1146 2606 1277 2662 stavano
1302 2603 1334 2660 et
1356 2615 1423 2659 non
1446 2590 1475 2658 le
1499 2589 1618 2659 haveva

245 2700 381 2788 signate,
413 2712 445 2769 et
467 2701 526 2769 che
551 2725 593 2769 m.
619 2703 781 2790 Stephano
805 2714 838 2769 et
860 2702 963 2769 Briam
992 2700 1241 2783 dechiarerianO,
1269 2700 1301 2766 in
1330 2699 1389 2766 che
1417 2698 1553 2765 termine
1575 2696 1617 2767 la·

244 2807 352 2875 seiano
376 2806 404 2874 la
421 2831 506 2889 cosa,
530 2821 562 2876 et
577 2808 638 2876 Sua
654 2809 777 2876 Maesti
799 2831 889 2897 spera
912 2807 1015 2876 molto
1039 2805 1116 2876 dali
1139 2805 1250 2895 prefati
1273 2806 1370 2873 sentir
1394 2803 1525 2895 qualche
1542 2827 1617 2872 cosa

244 2911 328 2980 bona
350 2936 406 3002 per
428 2937 472 2980 se.
520 2915 612 2982 Circa
634 2912 663 2982 le
687 2938 762 2983 cose
786 2914 980 2983 Lutherane:
1010 2937 1094 2981 sono
1118 2914 1221 3002 sopite
1249 2925 1281 2981 et
1303 2934 1371 2979 non
1394 2934 1428 2979 se
1457 2934 1498 2978 ne
1521 2911 1615 3000 parla.

245 3019 297 3084 Ho
320 3017 398 3086 fatto
422 3017 454 3087 1ο
478 3018 587 3088 officio
610 3044 683 3088 cum
706 3021 738 3088 S.
763 3021 808 3088 M.
834 3032 865 3089 et
893 3044 965 3089 cunr
994 3019 1015 3087 il
1037 3021 1134 3089 ano.
1158 3017 1395 3108 ringratiandoli
1424 3030 1483 3086 etc.
1530 3015 1554 3083 Il
1582 3041 1615 3084 re

244 3124 381 3213 rispose:
405 3124 599 3213 Expediamo
624 3127 687 3195 hoc
703 3150 811 3196 meum
836 3129 1013 3216 negotium,
1037 3140 1071 3195 ut
1085 3127 1206 3216 possim
1230 3125 1384 3215 applicare
1407 3125 1560 3205 animum,
1585 3135 1616 3191 et

245 3232 353 3298 omnia
376 3231 497 3300 faciam.
544 3232 651 3302 Credo
676 3233 734 3302 che
758 3235 789 3301 S.
814 3235 859 3301 M.
884 3236 1020 3302 omnino
1044 3235 1194 3317 scrivere,
1224 3256 1318 3301 come
1344 3255 1400 3321 per
1423 3230 1525 3321 quella
1553 3231 1615 3297 mia

244 3334 283 3404 de
306 3337 352 3405 IV
376 3336 505 3426 d’aprile
529 3339 630 3408 dissi.²

349 3443 451 3512 Dela
473 3468 549 3534 pace
574 3469 629 3534 per
652 3448 701 3514 via
725 3445 763 3515 de
787 3447 904 3514 Franza
929 3448 968 3515 V.
985 3447 1016 3514 S.
1041 3446 1120 3515 debe
1143 3445 1319 3528 intendere,
1342 3446 1374 3511 in
1398 3444 1456 3513 che
1479 3445 1615 3512 termine

243 3560 290 3616 sta
316 3548 345 3617 13
373 3573 447 3618 cosa
455 3577 464 3635 ;
500 3553 553 3641 qui
581 3575 646 3640 par,
675 3577 709 3620 se
737 3552 880 3636 intenda,
909 3552 937 3621 Ie
966 3577 1040 3621 cose
1068 3577 1102 3621 se
1125 3553 1241 3622 vadino
1269 3549 1467 3639 stringend0,
1497 3563 1528 3620 et
1556 3551 1615 3619 che

243 3654 389 3724 Madama
411 3656 575 3746 Malgarita
604 3658 686 3726 etia
714 3672 844 3748 regente
874 3659 981 3728 madre
1011 3659 1062 3729 del
1085 3659 1334 3728 Cristianissimo
1363 3656 1508 3726 debbano
1538 3680 1615 3725 con·

243 3762 351 3829 venire
374 3763 406 3829 in
431 3762 589 3844 Cambrai,
613 3775 645 3831 et
667 3764 799 3833 intendo
823 3765 862 3834 da
886 3767 964 3853 ogni
987 3778 1090 3854 parte,
1114 3764 1142 3833 13
1165 3788 1239 3833 cosa
1263 3764 1377 3832 havere
1401 3761 1614 3852 grandissimo

243 3863 463 3936 fondamento
512 3869 635 3951 Questa
666 3871 788 3940 Maesti
820 3873 938 3955 vorria,
972 3871 1044 3939 ch'il
1076 3873 1171 3941 Rmo,
1205 3870 1404 3938 Eboracense
1435 3867 1567 3938 andasse
1597 3894 1615 3938 3

243 3986 356 4060 questo
374 3988 547 4057 convento,
571 3999 622 4043 ma
647 3977 705 4044 che
727 3980 829 4066 prima
852 3980 877 4045 si
901 3977 1064 4067 expedisse
1087 3990 1196 4067 questa
1221 4000 1277 4045 sua
1300 4000 1406 4059 causa,
1430 4000 1447 4043 3
1470 3975 1498 4043 Ia
1522 3999 1615 4065 expe·

243 4076 363 4146 ditione
387 4078 426 4147 de
449 4078 478 4147 la
501 4079 591 4170 quate
615 4082 785 4151 intendunt
807 4083 956 4151 omnibus
979 4083 1106 4152 viribus.
1148 4085 1226 4151 Non
1248 4083 1294 4152 s'e
1318 4095 1466 4151 mancato
1490 4087 1531 4150 ne
1554 4105 1613 4172 pro

243 4224 453 4233 *—

349 4299 357 4329 ¹
376 4292 432 4346 Das
450 4293 595 4348 Schreiben
614 4294 735 4348 Salviatis
754 4312 817 4349 vom
837 4310 877 4366 29.
891 4296 952 4362 Mai,
972 4298 1020 4350 mit
1039 4297 1127 4351 einem
1147 4297 1275 4421 linffieren
1289 4297 1427 4369 Nachtrag
1445 4299 1471 4351 In
1485 4298 1612 4353 Geheim·

242 4361 334 4416 schrift
357 4363 399 4416 bei
418 4363 507 4430 11333,
530 4364 598 4419 Lett.
618 4365 644 4418 di
662 4366 747 4420 Princ.
772 4366 817 4420 III.
836 4382 871 4438 90
889 4384 913 4422 3.
933 4383 975 4438 91.
1013 4367 1089 4423 Nach
1113 4368 1175 4422 dem
1216 4367 1329 4435 erichte,
1352 4369 1405 4423 den
1429 4368 1488 4423 dort
1506 4369 1613 4424 Salviati

242 4432 307 4486 fiber
324 4432 367 4487 die
390 4451 424 4488 an
443 4434 538 4506 Camp.
557 4436 770 4508 abgegangenen
790 4437 832 4490 De
852 4437 951 4491 eschen
970 4439 1056 4509 gieht,
1079 4438 1124 4493 hat
1143 4438 1190 4492 der
1213 4439 1360 4511 pipstlichc
1379 4439 1614 4495 Geheirnsekretir

242 4520 286 4556 am
301 4519 350 4626 ιλ),
361 4520 378 4627 i
383 4521 404 4573 3.
425 4505 477 4558 und
497 4520 538 4574 27.
557 4506 640 4577 April,
660 4525 703 4589 333
726 4523 756 4573 1.,
775 4521 809 4574 4.,
829 4455 853 4562 I.
873 4507 926 4561 und
940 4524 980 4594 ¹⁸5·
994 4509 1047 4563 Mai
1063 4509 1249 4633 §eschrieben⁸
1287 4509 1414 4594 Indessen
1433 4510 1537 4564 scheint
1549 4519 1613 4595 statt

242 4587 386 4725 {Indh
404 4576 839 4720 tntttnhtnth
858 4579 1612 4725 111113311111111111111131

242 4713 343 4769 hschen
361 4715 506 4788 Excerptes
524 4735 589 4772 vom
608 4734 648 4787 15·
667 4719 721 4772 Mai
739 4718 798 4773 sind
817 4719 947 4775 verloren.
984 4720 1039 4774 Ver
1059 4721 1075 4776 1.
1095 4721 1219 4775 indessen
1238 4721 1308 4775 oben
1327 4722 1353 4776 S.
1372 4723 1406 4793 98
1425 4723 1504 4777 horn.
1522 4739 1545 4778 1.

348 4792 358 4823 ²
376 4786 458 4841 Diese
470 4787 565 4870 Worte
583 4789 712 4844 beziehen
724 4790 780 4843 sich
800 4789 847 4844 331
856 4790 908 4844 den
927 4808 980 4844 von
994 4737 1088 4845 Woise
1125 4802 1290 4862 angeregten
1304 4791 1459 4857 Gedanhen‚
1479 4810 1532 4847 von
1545 4796 1611 4850 wel-

243 4854 321 4909 chem
340 4856 510 4981 Cempe9g10
529 4860 555 4912 in
574 4859 640 4943 dem.
654 4861 799 4915 Schreiben
817 4878 881 4915 vom
903 4870 950 4931 314.
969 4862 1043 4945 April
1092 4861 1215 4933 itteilung
1233 4863 1339 4915 machte
1363 4862 1416 4915 und
1434 4863 1485 4917 den
1503 4882 1566 4919 man
1585 4868 1612 4921 in

242 4925 313 4978 Rom
331 4936 379 4980 nnt
397 4945 448 4999 gro
458 4946 501 4982 ser
519 4929 715 5002 Lebhaftrgheit
734 4930 836 5002 ergriff,
861 4930 913 4985 den
932 4932 1022 5003 Κόως
1047 4950 1092 4986 zur
1110 4931 1264 5004 Absassung
1282 4933 1356 4987 eines
1373 4934 1486 4988 zweiten
1506 4934 1611 4992 Buches

243 5011 332 5065 gegen
351 4997 393 5051 die
412 4999 538 5054 Irrttimer
556 5000 669 5055 Luthers
687 5020 718 5055 zu
738 5002 878 5073 bewegen.
915 5003 942 5056 S.
961 5003 1031 5056 oben
1049 5003 1076 5058 S.
1097 5003 1138 5070 78.
