<?xml version="1.0" encoding="UTF-8"?>
<!DOCTYPE html PUBLIC "-//W3C//DTD XHTML 1.0 Transitional//EN"
    "http://www.w3.org/TR/xhtml1/DTD/xhtml1-transitional.dtd">
<html xmlns="http://www.w3.org/1999/xhtml" xml:lang="en" lang="en">
 <head>
  <title>
</title>
<meta http-equiv="Content-Type" content="text/html;charset=utf-8" />
  <meta name='ocr-system' content='tesseract 3.04.00' />
  <meta name='ocr-capabilities' content='ocr_page ocr_carea ocr_par ocr_line ocrx_word'/>
</head>
<body>
  <div class='ocr_page' id='page_1' title='image "./rmischedokument01ehsegoog_0103.png"; bbox 0 0 3842 5592; ppageno 0'>
   <div class='ocr_carea' id='block_1_1' title="bbox 257 348 1620 425">
    <p class='ocr_par' dir='ltr' id='par_1_1' title="bbox 257 348 1620 425">
     <span class='ocr_line' id='line_1_1' title="bbox 257 348 1620 425; baseline 0.004 -15"><span class='ocrx_word' id='word_1_1' title='bbox 257 356 320 425; x_wconf 85' lang='lat'>1528</span> <span class='ocrx_word' id='word_1_2' title='bbox 340 354 467 411; x_wconf 86' lang='lat' dir='ltr'><strong>Olrtobcr.</strong></span> <span class='ocrx_word' id='word_1_3' title='bbox 1580 348 1620 411; x_wconf 78' lang='grc'><strong>51</strong></span> 
     </span>
    </p>
   </div>
   <div class='ocr_carea' id='block_1_2' title="bbox 253 515 1625 1008">
    <p class='ocr_par' dir='ltr' id='par_1_2' title="bbox 253 515 1625 1008">
     <span class='ocr_line' id='line_1_2' title="bbox 253 515 1623 608; baseline 0.004 -26"><span class='ocrx_word' id='word_1_4' title='bbox 253 517 353 583; x_wconf 86' lang='lat' dir='ltr'><strong>scrive</strong></span> <span class='ocrx_word' id='word_1_5' title='bbox 376 516 434 584; x_wconf 87' lang='lat' dir='ltr'><strong>che</strong></span> <span class='ocrx_word' id='word_1_6' title='bbox 457 515 478 583; x_wconf 94' lang='lat' dir='ltr'><strong>il</strong></span> <span class='ocrx_word' id='word_1_7' title='bbox 496 517 593 585; x_wconf 89' lang='lat' dir='ltr'><strong>Rm0.</strong></span> <span class='ocrx_word' id='word_1_8' title='bbox 611 517 767 585; x_wconf 85' lang='lat' dir='ltr'><strong>Generalc</strong></span> <span class='ocrx_word' id='word_1_9' title='bbox 789 530 875 586; x_wconf 88' lang='lat' dir='ltr'><strong>stava</strong></span> <span class='ocrx_word' id='word_1_10' title='bbox 898 541 955 606; x_wconf 88' lang='lat' dir='ltr'><strong>per</strong></span> <span class='ocrx_word' id='word_1_11' title='bbox 971 541 1056 585; x_wconf 87' lang='lat' dir='ltr'><strong>esser</strong></span> <span class='ocrx_word' id='word_1_12' title='bbox 1080 518 1228 608; x_wconf 76' lang='lat' dir='ltr'><strong>expedito</strong></span> <span class='ocrx_word' id='word_1_13' title='bbox 1252 519 1349 587; x_wconf 85' lang='lat' dir='ltr'><strong>aSua</strong></span> <span class='ocrx_word' id='word_1_14' title='bbox 1366 519 1486 587; x_wconf 78' lang='lat' dir='ltr'><strong>Santitd</strong></span> <span class='ocrx_word' id='word_1_15' title='bbox 1509 533 1540 587; x_wconf 91' lang='lat' dir='ltr'><strong>et</strong></span> <span class='ocrx_word' id='word_1_16' title='bbox 1564 520 1623 588; x_wconf 91' lang='lat' dir='ltr'><strong>che</strong></span> 
     </span>
     <span class='ocr_line' id='line_1_3' title="bbox 254 621 1625 715; baseline 0.003 -26"><span class='ocrx_word' id='word_1_17' title='bbox 254 621 400 710; x_wconf 87' lang='lat' dir='ltr'><strong>expedito</strong></span> <span class='ocrx_word' id='word_1_18' title='bbox 424 623 483 690; x_wconf 91' lang='lat' dir='ltr'><strong>che</strong></span> <span class='ocrx_word' id='word_1_19' title='bbox 506 621 600 706; x_wconf 82' lang='lat' dir='ltr'><strong>fusse,</strong></span> <span class='ocrx_word' id='word_1_20' title='bbox 625 621 686 710; x_wconf 84' lang='lat' dir='ltr'>egli</span> <span class='ocrx_word' id='word_1_21' title='bbox 709 622 839 692; x_wconf 85' lang='lat' dir='ltr'><strong>sarebbe</strong></span> <span class='ocrx_word' id='word_1_22' title='bbox 862 624 1010 713; x_wconf 82' lang='lat' dir='ltr'><strong>expedito</strong></span> <span class='ocrx_word' id='word_1_23' title='bbox 1033 625 1066 691; x_wconf 89' lang='lat' dir='ltr'><strong>in</strong></span> <span class='ocrx_word' id='word_1_24' title='bbox 1090 628 1159 715; x_wconf 74' lang='lat' dir='ltr'><strong>qui.</strong></span> <span class='ocrx_word' id='word_1_25' title='bbox 1201 625 1239 692; x_wconf 89' lang='lat' dir='ltr'><strong>Et</strong></span> <span class='ocrx_word' id='word_1_26' title='bbox 1264 629 1330 693; x_wconf 93' lang='lat' dir='ltr'><strong>cosl</strong></span> <span class='ocrx_word' id='word_1_27' title='bbox 1353 625 1421 693; x_wconf 81' lang='lat' dir='ltr'><strong>faro</strong></span> <span class='ocrx_word' id='word_1_28' title='bbox 1445 625 1526 692; x_wconf 87' lang='lat' dir='ltr'><strong>nella</strong></span> <span class='ocrx_word' id='word_1_29' title='bbox 1549 648 1625 694; x_wconf 89' lang='lat' dir='ltr'><strong>cosa</strong></span> 
     </span>
     <span class='ocr_line' id='line_1_4' title="bbox 254 726 1625 820; baseline 0.003 -24"><span class='ocrx_word' id='word_1_30' title='bbox 254 726 284 796; x_wconf 90' lang='lat' dir='ltr'><strong>di</strong></span> <span class='ocrx_word' id='word_1_31' title='bbox 309 729 480 797; x_wconf 82' lang='lat' dir='ltr'><strong>»Ravenna</strong></span> <span class='ocrx_word' id='word_1_32' title='bbox 503 740 534 796; x_wconf 89' lang='lat' dir='ltr'><strong>et</strong></span> <span class='ocrx_word' id='word_1_33' title='bbox 558 728 695 796; x_wconf 86' lang='lat' dir='ltr'><strong>Cervia«</strong></span> <span class='ocrx_word' id='word_1_34' title='bbox 723 748 754 797; x_wconf 91' lang='lat' dir='ltr'><strong>et</strong></span> <span class='ocrx_word' id='word_1_35' title='bbox 781 731 813 796; x_wconf 91' lang='lat' dir='ltr'><strong>in</strong></span> <span class='ocrx_word' id='word_1_36' title='bbox 838 730 938 820; x_wconf 89' lang='lat' dir='ltr'><strong>quella</strong></span> <span class='ocrx_word' id='word_1_37' title='bbox 967 729 998 797; x_wconf 92' lang='lat' dir='ltr'><strong>di</strong></span> <span class='ocrx_word' id='word_1_38' title='bbox 1024 731 1177 798; x_wconf 79' lang='lat' dir='ltr'><strong>»Scotiarr</strong></span> <span class='ocrx_word' id='word_1_39' title='bbox 1203 731 1346 799; x_wconf 87' lang='lat' dir='ltr'><strong>secondo</strong></span> <span class='ocrx_word' id='word_1_40' title='bbox 1375 731 1395 798; x_wconf 92' lang='lat' dir='ltr'><strong>li</strong></span> <span class='ocrx_word' id='word_1_41' title='bbox 1420 731 1625 800; x_wconf 87' lang='lat' dir='ltr'><strong>commanda·</strong></span> 
     </span>
     <span class='ocr_line' id='line_1_5' title="bbox 253 822 1625 926; baseline 0.004 -26"><span class='ocrx_word' id='word_1_42' title='bbox 253 836 352 901; x_wconf 91' lang='lat' dir='ltr'><strong>menti</strong></span> <span class='ocrx_word' id='word_1_43' title='bbox 383 834 415 902; x_wconf 89' lang='lat' dir='ltr'><strong>di</strong></span> <span class='ocrx_word' id='word_1_44' title='bbox 445 822 507 902; x_wconf 83' lang='lat' dir='ltr'><strong>Sua</strong></span> <span class='ocrx_word' id='word_1_45' title='bbox 537 834 750 917; x_wconf 87' lang='lat' dir='ltr'><strong>Beatitudine‚</strong></span> <span class='ocrx_word' id='word_1_46' title='bbox 783 856 814 904; x_wconf 89' lang='lat' dir='ltr'><strong>et</strong></span> <span class='ocrx_word' id='word_1_47' title='bbox 846 859 903 925; x_wconf 87' lang='lat' dir='ltr'><strong>per</strong></span> <span class='ocrx_word' id='word_1_48' title='bbox 933 836 962 904; x_wconf 92' lang='lat' dir='ltr'><strong>le</strong></span> <span class='ocrx_word' id='word_1_49' title='bbox 994 837 1095 924; x_wconf 88' lang='lat' dir='ltr'><strong>prime</strong></span> <span class='ocrx_word' id='word_1_50' title='bbox 1127 838 1266 905; x_wconf 83' lang='lat' dir='ltr'><strong>scrivero</strong></span> <span class='ocrx_word' id='word_1_51' title='bbox 1299 839 1353 926; x_wconf 91' lang='lat' dir='ltr'><strong>poi</strong></span> <span class='ocrx_word' id='word_1_52' title='bbox 1384 839 1625 926; x_wconf 87' lang='lat' dir='ltr'><strong>copiosamente</strong></span> 
     </span>
     <span class='ocr_line' id='line_1_6' title="bbox 253 938 401 1008; baseline 0.02 -3"><span class='ocrx_word' id='word_1_53' title='bbox 253 938 283 1006; x_wconf 94' lang='lat' dir='ltr'><strong>di</strong></span> <span class='ocrx_word' id='word_1_54' title='bbox 307 951 401 1008; x_wconf 81' lang='lat' dir='ltr'><strong>tutta.</strong></span> 
     </span>
    </p>
   </div>
   <div class='ocr_carea' id='block_1_3' title="bbox 253 1063 1628 2533">
    <p class='ocr_par' dir='ltr' id='par_1_3' title="bbox 253 1063 1628 2533">
     <span class='ocr_line' id='line_1_7' title="bbox 358 1063 1625 1155; baseline 0.002 -25"><span class='ocrx_word' id='word_1_55' title='bbox 358 1063 476 1151; x_wconf 86' lang='lat' dir='ltr'><strong>Signor</strong></span> <span class='ocrx_word' id='word_1_56' title='bbox 491 1065 569 1146; x_wconf 90' lang='lat' dir='ltr'><strong>mio,</strong></span> <span class='ocrx_word' id='word_1_57' title='bbox 595 1083 725 1155; x_wconf 72' lang='lat' dir='ltr'><strong>»questa</strong></span> <span class='ocrx_word' id='word_1_58' title='bbox 749 1069 858 1132; x_wconf 77' lang='lat' dir='ltr'><strong>cosae</strong></span> <span class='ocrx_word' id='word_1_59' title='bbox 878 1066 911 1132; x_wconf 89' lang='lat' dir='ltr'><strong>in</strong></span> <span class='ocrx_word' id='word_1_60' title='bbox 934 1067 1070 1133; x_wconf 83' lang='lat' dir='ltr'>termine</span> <span class='ocrx_word' id='word_1_61' title='bbox 1093 1065 1203 1134; x_wconf 86' lang='lat' dir='ltr'><strong>ch&#39;ella</strong></span> <span class='ocrx_word' id='word_1_62' title='bbox 1226 1089 1293 1133; x_wconf 94' lang='lat' dir='ltr'><strong>non</strong></span> <span class='ocrx_word' id='word_1_63' title='bbox 1310 1067 1335 1134; x_wconf 91' lang='lat' dir='ltr'><strong>si</strong></span> <span class='ocrx_word' id='word_1_64' title='bbox 1358 1067 1423 1155; x_wconf 79' lang='lat' dir='ltr'><strong>pud</strong></span> <span class='ocrx_word' id='word_1_65' title='bbox 1439 1067 1492 1155; x_wconf 80' lang='lat' dir='ltr'><strong>piir</strong></span> <span class='ocrx_word' id='word_1_66' title='bbox 1515 1079 1625 1135; x_wconf 88' lang='lat' dir='ltr'><strong>tenere</strong></span> 
     </span>
     <span class='ocr_line' id='line_1_8' title="bbox 253 1168 1625 1261; baseline 0.003 -25"><span class='ocrx_word' id='word_1_67' title='bbox 253 1171 285 1236; x_wconf 92' lang='lat' dir='ltr'><strong>in</strong></span> <span class='ocrx_word' id='word_1_68' title='bbox 309 1169 403 1252; x_wconf 91' lang='lat' dir='ltr'><strong>collo,</strong></span> <span class='ocrx_word' id='word_1_69' title='bbox 428 1172 469 1236; x_wconf 74' lang='lat' dir='ltr'><strong>ne</strong></span> <span class='ocrx_word' id='word_1_70' title='bbox 493 1173 511 1236; x_wconf 77' lang='lat' dir='ltr'><strong>e</strong></span> <span class='ocrx_word' id='word_1_71' title='bbox 534 1168 683 1258; x_wconf 82' lang='lat' dir='ltr'><strong>bisogno,</strong></span> <span class='ocrx_word' id='word_1_72' title='bbox 712 1170 821 1239; x_wconf 86' lang='lat' dir='ltr'><strong>ch&#39;ella</strong></span> <span class='ocrx_word' id='word_1_73' title='bbox 844 1173 871 1239; x_wconf 89' lang='lat' dir='ltr'><strong>si</strong></span> <span class='ocrx_word' id='word_1_74' title='bbox 894 1170 967 1238; x_wconf 89' lang='lat' dir='ltr'><strong>lasci</strong></span> <span class='ocrx_word' id='word_1_75' title='bbox 991 1194 1084 1259; x_wconf 85' lang='lat' dir='ltr'>sopra</span> <span class='ocrx_word' id='word_1_76' title='bbox 1108 1171 1139 1239; x_wconf 86' lang='lat' dir='ltr'><strong>di</strong></span> <span class='ocrx_word' id='word_1_77' title='bbox 1163 1195 1226 1255; x_wconf 89' lang='lat' dir='ltr'><strong>me,</strong></span> <span class='ocrx_word' id='word_1_78' title='bbox 1253 1172 1369 1261; x_wconf 76' lang='lat' dir='ltr'><strong>perche</strong></span> <span class='ocrx_word' id='word_1_79' title='bbox 1392 1172 1413 1239; x_wconf 93' lang='lat' dir='ltr'><strong>il</strong></span> <span class='ocrx_word' id='word_1_80' title='bbox 1437 1195 1486 1256; x_wconf 87' lang='lat' dir='ltr'><strong>re,</strong></span> <span class='ocrx_word' id='word_1_81' title='bbox 1510 1172 1625 1240; x_wconf 88' lang='lat' dir='ltr'><strong>Ebora·</strong></span> 
     </span>
     <span class='ocr_line' id='line_1_9' title="bbox 253 1275 1626 1368; baseline 0.001 -24"><span class='ocrx_word' id='word_1_82' title='bbox 253 1300 347 1344; x_wconf 85' lang='lat' dir='ltr'><strong>cense</strong></span> <span class='ocrx_word' id='word_1_83' title='bbox 371 1288 404 1343; x_wconf 88' lang='lat' dir='ltr'><strong>et</strong></span> <span class='ocrx_word' id='word_1_84' title='bbox 426 1287 509 1343; x_wconf 89' lang='lat' dir='ltr'><strong>tutto</strong></span> <span class='ocrx_word' id='word_1_85' title='bbox 532 1275 554 1343; x_wconf 90' lang='lat' dir='ltr'><strong>il</strong></span> <span class='ocrx_word' id='word_1_86' title='bbox 576 1299 678 1365; x_wconf 87' lang='lat' dir='ltr'><strong>regno</strong></span> <span class='ocrx_word' id='word_1_87' title='bbox 703 1279 730 1345; x_wconf 92' lang='lat' dir='ltr'><strong>ci</strong></span> <span class='ocrx_word' id='word_1_88' title='bbox 754 1278 862 1345; x_wconf 89' lang='lat' dir='ltr'><strong>hanno</strong></span> <span class='ocrx_word' id='word_1_89' title='bbox 886 1296 976 1345; x_wconf 89' lang='lat' dir='ltr'><strong>tanto</strong></span> <span class='ocrx_word' id='word_1_90' title='bbox 992 1280 1156 1362; x_wconf 88' lang='lat' dir='ltr'><strong>interesse,</strong></span> <span class='ocrx_word' id='word_1_91' title='bbox 1180 1278 1239 1346; x_wconf 88' lang='lat' dir='ltr'><strong>che</strong></span> <span class='ocrx_word' id='word_1_92' title='bbox 1255 1302 1322 1346; x_wconf 92' lang='lat' dir='ltr'><strong>non</strong></span> <span class='ocrx_word' id='word_1_93' title='bbox 1347 1302 1430 1346; x_wconf 93' lang='lat' dir='ltr'><strong>sono</strong></span> <span class='ocrx_word' id='word_1_94' title='bbox 1453 1301 1509 1367; x_wconf 88' lang='lat' dir='ltr'><strong>per</strong></span> <span class='ocrx_word' id='word_1_95' title='bbox 1525 1291 1626 1368; x_wconf 82' lang='lat' dir='ltr'><strong>aspct·</strong></span> 
     </span>
     <span class='ocr_line' id='line_1_10' title="bbox 253 1382 1625 1473; baseline 0.001 -23"><span class='ocrx_word' id='word_1_96' title='bbox 253 1401 318 1450; x_wconf 86' lang='lat' dir='ltr'><strong>tare</strong></span> <span class='ocrx_word' id='word_1_97' title='bbox 341 1401 458 1471; x_wconf 84' lang='lat' dir='ltr'><strong>troppo</strong></span> <span class='ocrx_word' id='word_1_98' title='bbox 482 1383 545 1470; x_wconf 78' lang='lat' dir='ltr'><strong>piin</strong></span> <span class='ocrx_word' id='word_1_99' title='bbox 591 1383 630 1451; x_wconf 88' lang='lat' dir='ltr'><strong>Et</strong></span> <span class='ocrx_word' id='word_1_100' title='bbox 653 1384 693 1451; x_wconf 89' lang='lat' dir='ltr'><strong>V.</strong></span> <span class='ocrx_word' id='word_1_101' title='bbox 711 1383 742 1451; x_wconf 99' lang='grc'><strong>3.</strong></span> <span class='ocrx_word' id='word_1_102' title='bbox 767 1385 811 1450; x_wconf 90' lang='lat' dir='ltr'><strong>rni</strong></span> <span class='ocrx_word' id='word_1_103' title='bbox 835 1382 928 1451; x_wconf 89' lang='lat' dir='ltr'><strong>creda</strong></span> <span class='ocrx_word' id='word_1_104' title='bbox 951 1396 1069 1473; x_wconf 87' lang='lat' dir='ltr'><strong>quanto</strong></span> <span class='ocrx_word' id='word_1_105' title='bbox 1093 1386 1229 1453; x_wconf 85' lang='lat' dir='ltr'><strong>scrivo«.</strong></span> <span class='ocrx_word' id='word_1_106' title='bbox 1275 1385 1357 1452; x_wconf 79' lang='lat' dir='ltr'><strong>Pero</strong></span> <span class='ocrx_word' id='word_1_107' title='bbox 1380 1385 1409 1451; x_wconf 89' lang='lat' dir='ltr'><strong>la</strong></span> <span class='ocrx_word' id='word_1_108' title='bbox 1431 1408 1542 1473; x_wconf 88' lang='lat' dir='ltr'><strong>prego,</strong></span> <span class='ocrx_word' id='word_1_109' title='bbox 1567 1386 1625 1453; x_wconf 90' lang='lat' dir='ltr'><strong>che</strong></span> 
     </span>
     <span class='ocr_line' id='line_1_11' title="bbox 254 1488 1625 1580; baseline 0.001 -24"><span class='ocrx_word' id='word_1_110' title='bbox 254 1488 281 1556; x_wconf 89' lang='lat' dir='ltr'><strong>la</strong></span> <span class='ocrx_word' id='word_1_111' title='bbox 307 1488 461 1571; x_wconf 70' lang='lat' dir='ltr'><strong>»solliciti</strong></span> <span class='ocrx_word' id='word_1_112' title='bbox 486 1489 544 1556; x_wconf 92' lang='lat' dir='ltr'><strong>che</strong></span> <span class='ocrx_word' id='word_1_113' title='bbox 568 1490 594 1556; x_wconf 91' lang='lat' dir='ltr'><strong>si</strong></span> <span class='ocrx_word' id='word_1_114' title='bbox 616 1489 767 1578; x_wconf 86' lang='lat' dir='ltr'><strong>risponda</strong></span> <span class='ocrx_word' id='word_1_115' title='bbox 791 1513 853 1558; x_wconf 84' lang='lat' dir='ltr'><strong>con</strong></span> <span class='ocrx_word' id='word_1_116' title='bbox 877 1490 1009 1580; x_wconf 81' lang='lat' dir='ltr'><strong>qualche</strong></span> <span class='ocrx_word' id='word_1_117' title='bbox 1032 1491 1219 1559; x_wconf 88' lang='lat' dir='ltr'><strong>risolutione</strong></span> <span class='ocrx_word' id='word_1_118' title='bbox 1239 1514 1292 1558; x_wconf 88' lang='lat' dir='ltr'><strong>oa</strong></span> <span class='ocrx_word' id='word_1_119' title='bbox 1317 1511 1448 1559; x_wconf 89' lang='lat' dir='ltr'><strong>costoro</strong></span> <span class='ocrx_word' id='word_1_120' title='bbox 1472 1491 1537 1558; x_wconf 90' lang='lat' dir='ltr'><strong>oal</strong></span> <span class='ocrx_word' id='word_1_121' title='bbox 1560 1514 1625 1559; x_wconf 92' lang='lat' dir='ltr'><strong>uno</strong></span> 
     </span>
     <span class='ocr_line' id='line_1_12' title="bbox 255 1593 1627 1687; baseline 0.002 -26"><span class='ocrx_word' id='word_1_122' title='bbox 255 1604 285 1661; x_wconf 86' lang='lat' dir='ltr'><strong>et</strong></span> <span class='ocrx_word' id='word_1_123' title='bbox 307 1593 337 1661; x_wconf 90' lang='lat' dir='ltr'><strong>al</strong></span> <span class='ocrx_word' id='word_1_124' title='bbox 358 1593 449 1676; x_wconf 87' lang='lat' dir='ltr'><strong>altro,</strong></span> <span class='ocrx_word' id='word_1_125' title='bbox 474 1607 505 1662; x_wconf 92' lang='lat' dir='ltr'><strong>et</strong></span> <span class='ocrx_word' id='word_1_126' title='bbox 528 1595 556 1662; x_wconf 89' lang='lat' dir='ltr'><strong>la</strong></span> <span class='ocrx_word' id='word_1_127' title='bbox 579 1597 712 1684; x_wconf 89' lang='lat' dir='ltr'><strong>risposta</strong></span> <span class='ocrx_word' id='word_1_128' title='bbox 736 1620 839 1684; x_wconf 84' lang='lat' dir='ltr'><strong>venga</strong></span> <span class='ocrx_word' id='word_1_129' title='bbox 862 1597 894 1663; x_wconf 91' lang='lat' dir='ltr'><strong>in</strong></span> <span class='ocrx_word' id='word_1_130' title='bbox 911 1596 1073 1684; x_wconf 81' lang='lat' dir='ltr'><strong>diligentia</strong></span> <span class='ocrx_word' id='word_1_131' title='bbox 1097 1610 1128 1665; x_wconf 91' lang='lat' dir='ltr'><strong>et</strong></span> <span class='ocrx_word' id='word_1_132' title='bbox 1151 1596 1336 1687; x_wconf 76' lang='lat' dir='ltr'><strong>dupplicata.</strong></span> <span class='ocrx_word' id='word_1_133' title='bbox 1375 1598 1414 1665; x_wconf 88' lang='lat' dir='ltr'><strong>Et</strong></span> <span class='ocrx_word' id='word_1_134' title='bbox 1436 1597 1552 1686; x_wconf 78' lang='lat' dir='ltr'><strong>perche</strong></span> <span class='ocrx_word' id='word_1_135' title='bbox 1575 1599 1627 1685; x_wconf 74' lang='lat' dir='ltr'><strong>gia</strong></span> 
     </span>
     <span class='ocr_line' id='line_1_13' title="bbox 254 1699 1627 1793; baseline 0.003 -27"><span class='ocrx_word' id='word_1_136' title='bbox 254 1699 451 1768; x_wconf 84' lang='lat' dir='ltr'><strong>Eboracense</strong></span> <span class='ocrx_word' id='word_1_137' title='bbox 475 1699 670 1769; x_wconf 87' lang='lat' dir='ltr'><strong>vedendomi</strong></span> <span class='ocrx_word' id='word_1_138' title='bbox 697 1720 787 1770; x_wconf 90' lang='lat' dir='ltr'><strong>tanto</strong></span> <span class='ocrx_word' id='word_1_139' title='bbox 815 1701 919 1770; x_wconf 88' lang='lat' dir='ltr'><strong>ferrno</strong></span> <span class='ocrx_word' id='word_1_140' title='bbox 947 1715 979 1771; x_wconf 90' lang='lat' dir='ltr'><strong>et</strong></span> <span class='ocrx_word' id='word_1_141' title='bbox 1007 1701 1097 1770; x_wconf 86' lang='lat' dir='ltr'><strong>caldo</strong></span> <span class='ocrx_word' id='word_1_142' title='bbox 1125 1705 1158 1770; x_wconf 91' lang='lat' dir='ltr'><strong>in</strong></span> <span class='ocrx_word' id='word_1_143' title='bbox 1186 1703 1389 1793; x_wconf 89' lang='lat' dir='ltr'><strong>persuadere,</strong></span> <span class='ocrx_word' id='word_1_144' title='bbox 1419 1704 1477 1772; x_wconf 87' lang='lat' dir='ltr'><strong>che</strong></span> <span class='ocrx_word' id='word_1_145' title='bbox 1506 1726 1574 1770; x_wconf 93' lang='lat' dir='ltr'><strong>non</strong></span> <span class='ocrx_word' id='word_1_146' title='bbox 1601 1705 1627 1770; x_wconf 91' lang='lat' dir='ltr'><strong>si</strong></span> 
     </span>
     <span class='ocr_line' id='line_1_14' title="bbox 253 1806 1628 1898; baseline 0.004 -26"><span class='ocrx_word' id='word_1_147' title='bbox 253 1806 332 1873; x_wconf 89' lang='lat' dir='ltr'><strong>tenti</strong></span> <span class='ocrx_word' id='word_1_148' title='bbox 355 1818 465 1895; x_wconf 89' lang='lat' dir='ltr'><strong>questa</strong></span> <span class='ocrx_word' id='word_1_149' title='bbox 487 1808 537 1875; x_wconf 87' lang='lat' dir='ltr'><strong>via</strong></span> <span class='ocrx_word' id='word_1_150' title='bbox 560 1806 591 1874; x_wconf 92' lang='lat' dir='ltr'><strong>di</strong></span> <span class='ocrx_word' id='word_1_151' title='bbox 614 1809 822 1897; x_wconf 85' lang='lat' dir='ltr'><strong>separatione,</strong></span> <span class='ocrx_word' id='word_1_152' title='bbox 846 1808 992 1877; x_wconf 90' lang='lat' dir='ltr'><strong>havendo</strong></span> <span class='ocrx_word' id='word_1_153' title='bbox 1017 1809 1123 1877; x_wconf 91' lang='lat' dir='ltr'><strong>havuti</strong></span> <span class='ocrx_word' id='word_1_154' title='bbox 1139 1809 1291 1898; x_wconf 84' lang='lat' dir='ltr'><strong>Spagnoli</strong></span> <span class='ocrx_word' id='word_1_155' title='bbox 1314 1809 1366 1877; x_wconf 89' lang='lat' dir='ltr'><strong>nel</strong></span> <span class='ocrx_word' id='word_1_156' title='bbox 1389 1831 1491 1897; x_wconf 85' lang='lat' dir='ltr'><strong>regno</strong></span> <span class='ocrx_word' id='word_1_157' title='bbox 1515 1808 1536 1876; x_wconf 92' lang='lat' dir='ltr'><strong>il</strong></span> <span class='ocrx_word' id='word_1_158' title='bbox 1558 1833 1628 1877; x_wconf 90' lang='lat' dir='ltr'><strong>suc·</strong></span> 
     </span>
     <span class='ocr_line' id='line_1_15' title="bbox 255 1912 1628 2004; baseline 0.003 -25"><span class='ocrx_word' id='word_1_159' title='bbox 255 1935 345 1979; x_wconf 90' lang='lat' dir='ltr'><strong>cesso</strong></span> <span class='ocrx_word' id='word_1_160' title='bbox 369 1912 427 1980; x_wconf 86' lang='lat' dir='ltr'><strong>che</strong></span> <span class='ocrx_word' id='word_1_161' title='bbox 455 1914 481 1980; x_wconf 91' lang='lat' dir='ltr'><strong>si</strong></span> <span class='ocrx_word' id='word_1_162' title='bbox 505 1914 620 1997; x_wconf 89' lang='lat' dir='ltr'><strong>scrive,</strong></span> <span class='ocrx_word' id='word_1_163' title='bbox 645 1917 662 1981; x_wconf 76' lang='lat' dir='ltr'><strong>e</strong></span> <span class='ocrx_word' id='word_1_164' title='bbox 686 1934 806 1983; x_wconf 86' lang='lat' dir='ltr'><strong>venuto</strong></span> <span class='ocrx_word' id='word_1_165' title='bbox 834 1916 867 1981; x_wconf 92' lang='lat' dir='ltr'><strong>in</strong></span> <span class='ocrx_word' id='word_1_166' title='bbox 890 1915 1082 2004; x_wconf 85' lang='lat' dir='ltr'><strong>suspicione,</strong></span> <span class='ocrx_word' id='word_1_167' title='bbox 1111 1915 1170 1984; x_wconf 89' lang='lat' dir='ltr'><strong>che</strong></span> <span class='ocrx_word' id='word_1_168' title='bbox 1193 1939 1249 2004; x_wconf 92' lang='lat' dir='ltr'><strong>per</strong></span> <span class='ocrx_word' id='word_1_169' title='bbox 1272 1918 1398 1984; x_wconf 87' lang='lat' dir='ltr'><strong>camino</strong></span> <span class='ocrx_word' id='word_1_170' title='bbox 1426 1939 1494 1983; x_wconf 93' lang='lat' dir='ltr'><strong>non</strong></span> <span class='ocrx_word' id='word_1_171' title='bbox 1518 1914 1628 1983; x_wconf 88' lang='lat' dir='ltr'><strong>habbia</strong></span> 
     </span>
     <span class='ocr_line' id='line_1_16' title="bbox 255 2017 1627 2105; baseline 0.004 -21"><span class='ocrx_word' id='word_1_172' title='bbox 255 2017 369 2085; x_wconf 88' lang='lat' dir='ltr'><strong>havute</strong></span> <span class='ocrx_word' id='word_1_173' title='bbox 397 2042 503 2088; x_wconf 85' lang='lat' dir='ltr'><strong>nuove</strong></span> <span class='ocrx_word' id='word_1_174' title='bbox 532 2022 753 2089; x_wconf 89' lang='lat' dir='ltr'><strong>commissioni</strong></span> <span class='ocrx_word' id='word_1_175' title='bbox 783 2020 1001 2090; x_wconf 89' lang='lat' dir='ltr'><strong>d&#39;intrattener</strong></span> <span class='ocrx_word' id='word_1_176' title='bbox 1029 2022 1058 2089; x_wconf 93' lang='lat' dir='ltr'><strong>la</strong></span> <span class='ocrx_word' id='word_1_177' title='bbox 1087 2045 1198 2105; x_wconf 85' lang='lat' dir='ltr'><strong>cosa«,</strong></span> <span class='ocrx_word' id='word_1_178' title='bbox 1227 2034 1258 2091; x_wconf 89' lang='lat' dir='ltr'><strong>et</strong></span> <span class='ocrx_word' id='word_1_179' title='bbox 1290 2023 1410 2089; x_wconf 72' lang='lat' dir='ltr'><strong>hanimi</strong></span> <span class='ocrx_word' id='word_1_180' title='bbox 1438 2021 1538 2105; x_wconf 87' lang='lat' dir='ltr'><strong>detto,</strong></span> <span class='ocrx_word' id='word_1_181' title='bbox 1568 2023 1627 2090; x_wconf 90' lang='lat' dir='ltr'><strong>che</strong></span> 
     </span>
     <span class='ocr_line' id='line_1_17' title="bbox 257 2124 1627 2217; baseline 0.005 -29"><span class='ocrx_word' id='word_1_182' title='bbox 257 2147 326 2191; x_wconf 85' lang='lat' dir='ltr'><strong>»res</strong></span> <span class='ocrx_word' id='word_1_183' title='bbox 349 2124 465 2208; x_wconf 80' lang='lat' dir='ltr'><strong>Italiae,</strong></span> <span class='ocrx_word' id='word_1_184' title='bbox 489 2127 584 2193; x_wconf 89' lang='lat' dir='ltr'><strong>etiam</strong></span> <span class='ocrx_word' id='word_1_185' title='bbox 608 2129 752 2217; x_wconf 86' lang='lat' dir='ltr'><strong>quamvis</strong></span> <span class='ocrx_word' id='word_1_186' title='bbox 769 2151 787 2194; x_wconf 91' lang='lat' dir='ltr'><strong>a</strong></span> <span class='ocrx_word' id='word_1_187' title='bbox 803 2126 944 2196; x_wconf 87' lang='lat' dir='ltr'><strong>discessu</strong></span> <span class='ocrx_word' id='word_1_188' title='bbox 967 2151 1043 2196; x_wconf 89' lang='lat' dir='ltr'><strong>meo</strong></span> <span class='ocrx_word' id='word_1_189' title='bbox 1070 2130 1133 2196; x_wconf 89' lang='lat' dir='ltr'><strong>sint</strong></span> <span class='ocrx_word' id='word_1_190' title='bbox 1156 2129 1309 2210; x_wconf 87' lang='lat' dir='ltr'><strong>inversae,</strong></span> <span class='ocrx_word' id='word_1_191' title='bbox 1332 2151 1399 2195; x_wconf 95' lang='lat' dir='ltr'><strong>non</strong></span> <span class='ocrx_word' id='word_1_192' title='bbox 1423 2147 1530 2196; x_wconf 89' lang='lat' dir='ltr'><strong>tamen</strong></span> <span class='ocrx_word' id='word_1_193' title='bbox 1554 2140 1627 2195; x_wconf 89' lang='lat' dir='ltr'><strong>sunt</strong></span> 
     </span>
     <span class='ocr_line' id='line_1_18' title="bbox 256 2230 1627 2324; baseline 0.004 -28"><span class='ocrx_word' id='word_1_194' title='bbox 256 2253 415 2315; x_wconf 84' lang='lat' dir='ltr'><strong>eversae«,</strong></span> <span class='ocrx_word' id='word_1_195' title='bbox 438 2242 471 2299; x_wconf 87' lang='lat' dir='ltr'><strong>et</strong></span> <span class='ocrx_word' id='word_1_196' title='bbox 493 2230 642 2300; x_wconf 88' lang='lat' dir='ltr'><strong>bench&#39;io</strong></span> <span class='ocrx_word' id='word_1_197' title='bbox 667 2256 730 2300; x_wconf 94' lang='lat' dir='ltr'><strong>con</strong></span> <span class='ocrx_word' id='word_1_198' title='bbox 746 2235 824 2322; x_wconf 89' lang='lat' dir='ltr'><strong>ogni</strong></span> <span class='ocrx_word' id='word_1_199' title='bbox 848 2232 986 2302; x_wconf 85' lang='lat' dir='ltr'><strong>efficacia</strong></span> <span class='ocrx_word' id='word_1_200' title='bbox 1009 2233 1029 2300; x_wconf 92' lang='lat' dir='ltr'><strong>li</strong></span> <span class='ocrx_word' id='word_1_201' title='bbox 1052 2233 1145 2301; x_wconf 85' lang='lat' dir='ltr'><strong>hahbi</strong></span> <span class='ocrx_word' id='word_1_202' title='bbox 1167 2245 1282 2303; x_wconf 86' lang='lat' dir='ltr'><strong>testato</strong></span> <span class='ocrx_word' id='word_1_203' title='bbox 1306 2235 1337 2302; x_wconf 93' lang='lat' dir='ltr'><strong>in</strong></span> <span class='ocrx_word' id='word_1_204' title='bbox 1355 2235 1526 2317; x_wconf 89' lang='lat' dir='ltr'><strong>contrari0,</strong></span> <span class='ocrx_word' id='word_1_205' title='bbox 1549 2257 1627 2324; x_wconf 89' lang='lat' dir='ltr'><strong>pure</strong></span> 
     </span>
     <span class='ocr_line' id='line_1_19' title="bbox 255 2339 1627 2430; baseline 0.004 -28"><span class='ocrx_word' id='word_1_206' title='bbox 255 2358 322 2403; x_wconf 93' lang='lat' dir='ltr'><strong>non</strong></span> <span class='ocrx_word' id='word_1_207' title='bbox 345 2359 382 2404; x_wconf 93' lang='lat' dir='ltr'><strong>so</strong></span> <span class='ocrx_word' id='word_1_208' title='bbox 407 2360 502 2405; x_wconf 87' lang='lat' dir='ltr'><strong>come</strong></span> <span class='ocrx_word' id='word_1_209' title='bbox 532 2361 595 2405; x_wconf 91' lang='lat' dir='ltr'><strong>con</strong></span> <span class='ocrx_word' id='word_1_210' title='bbox 628 2351 761 2429; x_wconf 80' lang='lat' dir='ltr'><strong>»questa</strong></span> <span class='ocrx_word' id='word_1_211' title='bbox 785 2339 896 2409; x_wconf 87' lang='lat' dir='ltr'><strong>ombra</strong></span> <span class='ocrx_word' id='word_1_212' title='bbox 926 2340 952 2407; x_wconf 92' lang='lat' dir='ltr'><strong>si</strong></span> <span class='ocrx_word' id='word_1_213' title='bbox 974 2352 1135 2428; x_wconf 90' lang='lat' dir='ltr'><strong>potranno</strong></span> <span class='ocrx_word' id='word_1_214' title='bbox 1167 2363 1295 2408; x_wconf 88' lang='lat' dir='ltr'><strong>menare</strong></span> <span class='ocrx_word' id='word_1_215' title='bbox 1319 2364 1337 2408; x_wconf 88' lang='lat' dir='ltr'><strong>a</strong></span> <span class='ocrx_word' id='word_1_216' title='bbox 1359 2340 1470 2429; x_wconf 88' lang='lat' dir='ltr'><strong>lungo,</strong></span> <span class='ocrx_word' id='word_1_217' title='bbox 1501 2352 1532 2408; x_wconf 94' lang='lat' dir='ltr'><strong>et</strong></span> <span class='ocrx_word' id='word_1_218' title='bbox 1554 2340 1627 2430; x_wconf 87' lang='lat' dir='ltr'><strong>quel</strong></span> 
     </span>
     <span class='ocr_line' id='line_1_20' title="bbox 255 2441 971 2533; baseline 0.007 -25"><span class='ocrx_word' id='word_1_219' title='bbox 255 2441 314 2510; x_wconf 90' lang='lat' dir='ltr'><strong>che</strong></span> <span class='ocrx_word' id='word_1_220' title='bbox 336 2465 549 2532; x_wconf 87' lang='lat' dir='ltr'><strong>penseranno,</strong></span> <span class='ocrx_word' id='word_1_221' title='bbox 572 2446 651 2533; x_wconf 80' lang='lat' dir='ltr'><strong>perh</strong></span> <span class='ocrx_word' id='word_1_222' title='bbox 676 2449 694 2512; x_wconf 77' lang='lat' dir='ltr'><strong>e</strong></span> <span class='ocrx_word' id='word_1_223' title='bbox 717 2443 757 2513; x_wconf 91' lang='lat' dir='ltr'><strong>da</strong></span> <span class='ocrx_word' id='word_1_224' title='bbox 779 2445 971 2514; x_wconf 79' lang='lat' dir='ltr'><strong>risolversi«.</strong></span> 
     </span>
    </p>
   </div>
   <div class='ocr_carea' id='block_1_4' title="bbox 254 2567 1625 2871">
    <p class='ocr_par' dir='ltr' id='par_1_4' title="bbox 254 2567 1625 2871">
     <span class='ocr_line' id='line_1_21' title="bbox 357 2567 1625 2658; baseline 0.002 -24"><span class='ocrx_word' id='word_1_225' title='bbox 357 2567 394 2634; x_wconf 93' lang='lat' dir='ltr'><strong>Io</strong></span> <span class='ocrx_word' id='word_1_226' title='bbox 418 2580 610 2658; x_wconf 87' lang='lat' dir='ltr'><strong>conquesto</strong></span> <span class='ocrx_word' id='word_1_227' title='bbox 633 2570 786 2658; x_wconf 87' lang='lat' dir='ltr'><strong>travaglio</strong></span> <span class='ocrx_word' id='word_1_228' title='bbox 810 2569 862 2637; x_wconf 93' lang='lat' dir='ltr'><strong>nel</strong></span> <span class='ocrx_word' id='word_1_229' title='bbox 885 2571 994 2637; x_wconf 88' lang='lat' dir='ltr'><strong>animo</strong></span> <span class='ocrx_word' id='word_1_230' title='bbox 1018 2581 1050 2638; x_wconf 87' lang='lat' dir='ltr'><strong>et</strong></span> <span class='ocrx_word' id='word_1_231' title='bbox 1071 2592 1134 2637; x_wconf 91' lang='lat' dir='ltr'><strong>con</strong></span> <span class='ocrx_word' id='word_1_232' title='bbox 1157 2569 1185 2637; x_wconf 89' lang='lat' dir='ltr'><strong>la</strong></span> <span class='ocrx_word' id='word_1_233' title='bbox 1208 2569 1462 2658; x_wconf 89' lang='lat' dir='ltr'><strong>indispositione,</strong></span> <span class='ocrx_word' id='word_1_234' title='bbox 1486 2572 1518 2636; x_wconf 94' lang='lat' dir='ltr'><strong>in</strong></span> <span class='ocrx_word' id='word_1_235' title='bbox 1542 2570 1625 2637; x_wconf 86' lang='lat' dir='ltr'><strong>ch&#39;io</strong></span> 
     </span>
     <span class='ocr_line' id='line_1_22' title="bbox 255 2673 1625 2765; baseline 0.003 -27"><span class='ocrx_word' id='word_1_236' title='bbox 255 2674 297 2738; x_wconf 89' lang='lat' dir='ltr'><strong>mi</strong></span> <span class='ocrx_word' id='word_1_237' title='bbox 321 2685 427 2757; x_wconf 89' lang='lat' dir='ltr'><strong>trovo,</strong></span> <span class='ocrx_word' id='word_1_238' title='bbox 455 2697 539 2741; x_wconf 90' lang='lat' dir='ltr'><strong>sono</strong></span> <span class='ocrx_word' id='word_1_239' title='bbox 563 2699 581 2742; x_wconf 90' lang='lat' dir='ltr'><strong>a</strong></span> <span class='ocrx_word' id='word_1_240' title='bbox 608 2673 668 2742; x_wconf 88' lang='lat' dir='ltr'><strong>tale</strong></span> <span class='ocrx_word' id='word_1_241' title='bbox 697 2676 757 2743; x_wconf 91' lang='lat' dir='ltr'><strong>che</strong></span> <span class='ocrx_word' id='word_1_242' title='bbox 784 2675 869 2743; x_wconf 92' lang='lat' dir='ltr'><strong>s’ella</strong></span> <span class='ocrx_word' id='word_1_243' title='bbox 897 2675 918 2742; x_wconf 95' lang='lat' dir='ltr'><strong>il</strong></span> <span class='ocrx_word' id='word_1_244' title='bbox 945 2699 1087 2765; x_wconf 77' lang='lat' dir='ltr'><strong>sapesso,</strong></span> <span class='ocrx_word' id='word_1_245' title='bbox 1115 2677 1159 2744; x_wconf 89' lang='lat' dir='ltr'><strong>mi</strong></span> <span class='ocrx_word' id='word_1_246' title='bbox 1189 2675 1363 2743; x_wconf 86' lang='lat' dir='ltr'><strong>haverebbe</strong></span> <span class='ocrx_word' id='word_1_247' title='bbox 1391 2677 1625 2764; x_wconf 84' lang='lat' dir='ltr'><strong>compassione,</strong></span> 
     </span>
     <span class='ocr_line' id='line_1_23' title="bbox 254 2777 1129 2871; baseline 0.007 -27"><span class='ocrx_word' id='word_1_248' title='bbox 254 2780 331 2866; x_wconf 79' lang='lat' dir='ltr'><strong>pero</strong></span> <span class='ocrx_word' id='word_1_249' title='bbox 355 2777 385 2845; x_wconf 89' lang='lat' dir='ltr'><strong>di</strong></span> <span class='ocrx_word' id='word_1_250' title='bbox 409 2802 520 2848; x_wconf 85' lang='lat' dir='ltr'><strong>nuovo</strong></span> <span class='ocrx_word' id='word_1_251' title='bbox 545 2779 577 2847; x_wconf 93' lang='lat' dir='ltr'><strong>di</strong></span> <span class='ocrx_word' id='word_1_252' title='bbox 599 2799 713 2871; x_wconf 89' lang='lat' dir='ltr'><strong>questo</strong></span> <span class='ocrx_word' id='word_1_253' title='bbox 737 2781 767 2849; x_wconf 88' lang='lat' dir='ltr'><strong>la</strong></span> <span class='ocrx_word' id='word_1_254' title='bbox 789 2783 900 2871; x_wconf 87' lang='lat' dir='ltr'><strong>priego</strong></span> <span class='ocrx_word' id='word_1_255' title='bbox 925 2794 956 2849; x_wconf 92' lang='lat' dir='ltr'><strong>et</strong></span> <span class='ocrx_word' id='word_1_256' title='bbox 979 2783 1129 2871; x_wconf 83' lang='lat' dir='ltr'><strong>ripriego.</strong></span> 
     </span>
    </p>
   </div>
   <div class='ocr_carea' id='block_1_5' title="bbox 254 2902 1627 3206">
    <p class='ocr_par' dir='ltr' id='par_1_5' title="bbox 254 2902 1627 3206">
     <span class='ocr_line' id='line_1_24' title="bbox 359 2902 1627 2994; baseline 0.003 -24"><span class='ocrx_word' id='word_1_257' title='bbox 359 2902 482 2984; x_wconf 90' lang='lat' dir='ltr'><strong>Questa</strong></span> <span class='ocrx_word' id='word_1_258' title='bbox 505 2915 598 2992; x_wconf 90' lang='lat' dir='ltr'><strong>posta</strong></span> <span class='ocrx_word' id='word_1_259' title='bbox 620 2906 646 2971; x_wconf 93' lang='lat' dir='ltr'><strong>si</strong></span> <span class='ocrx_word' id='word_1_260' title='bbox 669 2904 836 2994; x_wconf 86' lang='lat' dir='ltr'><strong>expedisce</strong></span> <span class='ocrx_word' id='word_1_261' title='bbox 859 2928 916 2994; x_wconf 89' lang='lat' dir='ltr'><strong>per</strong></span> <span class='ocrx_word' id='word_1_262' title='bbox 938 2904 967 2973; x_wconf 90' lang='lat' dir='ltr'><strong>la</strong></span> <span class='ocrx_word' id='word_1_263' title='bbox 990 2905 1095 2974; x_wconf 89' lang='lat' dir='ltr'><strong>chiesa</strong></span> <span class='ocrx_word' id='word_1_264' title='bbox 1119 2906 1332 2973; x_wconf 86' lang='lat' dir='ltr'><strong>Vintoniense</strong></span> <span class='ocrx_word' id='word_1_265' title='bbox 1359 2907 1392 2972; x_wconf 91' lang='lat' dir='ltr'><strong>in</strong></span> <span class='ocrx_word' id='word_1_266' title='bbox 1415 2928 1553 2994; x_wconf 88' lang='lat' dir='ltr'><strong>persona</strong></span> <span class='ocrx_word' id='word_1_267' title='bbox 1576 2905 1627 2974; x_wconf 87' lang='lat' dir='ltr'><strong>del</strong></span> 
     </span>
     <span class='ocr_line' id='line_1_25' title="bbox 254 3006 1625 3100; baseline 0.004 -26"><span class='ocrx_word' id='word_1_268' title='bbox 254 3006 348 3075; x_wconf 88' lang='lat' dir='ltr'>Rm0.</span> <span class='ocrx_word' id='word_1_269' title='bbox 373 3007 582 3092; x_wconf 87' lang='lat' dir='ltr'><strong>Eboracense,</strong></span> <span class='ocrx_word' id='word_1_270' title='bbox 607 3022 639 3078; x_wconf 91' lang='lat' dir='ltr'><strong>et</strong></span> <span class='ocrx_word' id='word_1_271' title='bbox 661 3033 718 3099; x_wconf 88' lang='lat' dir='ltr'><strong>per</strong></span> <span class='ocrx_word' id='word_1_272' title='bbox 740 3011 761 3079; x_wconf 91' lang='lat' dir='ltr'><strong>li</strong></span> <span class='ocrx_word' id='word_1_273' title='bbox 784 3013 904 3095; x_wconf 87' lang='lat' dir='ltr'><strong>meriti,</strong></span> <span class='ocrx_word' id='word_1_274' title='bbox 928 3013 987 3080; x_wconf 91' lang='lat' dir='ltr'><strong>che</strong></span> <span class='ocrx_word' id='word_1_275' title='bbox 1011 3012 1050 3080; x_wconf 89' lang='lat' dir='ltr'><strong>ha</strong></span> <span class='ocrx_word' id='word_1_276' title='bbox 1073 3012 1104 3080; x_wconf 95' lang='grc'><strong>3.</strong></span> <span class='ocrx_word' id='word_1_277' title='bbox 1129 3012 1161 3080; x_wconf 94' lang='grc'><strong>3.</strong></span> <span class='ocrx_word' id='word_1_278' title='bbox 1185 3012 1276 3081; x_wconf 91' lang='lat' dir='ltr'><strong>Rma.</strong></span> <span class='ocrx_word' id='word_1_279' title='bbox 1300 3012 1351 3080; x_wconf 92' lang='lat' dir='ltr'><strong>col</strong></span> <span class='ocrx_word' id='word_1_280' title='bbox 1374 3035 1464 3079; x_wconf 91' lang='lat' dir='ltr'><strong>sacro</strong></span> <span class='ocrx_word' id='word_1_281' title='bbox 1488 3011 1625 3100; x_wconf 85' lang='lat' dir='ltr'><strong>collegio</strong></span> 
     </span>
     <span class='ocr_line' id='line_1_26' title="bbox 254 3112 1624 3206; baseline 0.005 -26"><span class='ocrx_word' id='word_1_282' title='bbox 254 3125 283 3181; x_wconf 91' lang='lat' dir='ltr'><strong>et</strong></span> <span class='ocrx_word' id='word_1_283' title='bbox 307 3112 389 3182; x_wconf 85' lang='lat' dir='ltr'><strong>Sede</strong></span> <span class='ocrx_word' id='word_1_284' title='bbox 412 3114 613 3204; x_wconf 86' lang='lat' dir='ltr'><strong>Apostolica,</strong></span> <span class='ocrx_word' id='word_1_285' title='bbox 635 3116 668 3183; x_wconf 95' lang='lat' dir='ltr'><strong>in</strong></span> <span class='ocrx_word' id='word_1_286' title='bbox 692 3116 720 3185; x_wconf 79' lang='lat' dir='ltr'><strong>la</strong></span> <span class='ocrx_word' id='word_1_287' title='bbox 744 3116 946 3206; x_wconf 88' lang='lat' dir='ltr'><strong>expeditione</strong></span> <span class='ocrx_word' id='word_1_288' title='bbox 969 3117 997 3185; x_wconf 87' lang='lat' dir='ltr'><strong>la</strong></span> <span class='ocrx_word' id='word_1_289' title='bbox 1019 3117 1268 3186; x_wconf 89' lang='lat' dir='ltr'><strong>raccommando</strong></span> <span class='ocrx_word' id='word_1_290' title='bbox 1293 3141 1310 3185; x_wconf 89' lang='lat' dir='ltr'><strong>a</strong></span> <span class='ocrx_word' id='word_1_291' title='bbox 1332 3118 1394 3185; x_wconf 85' lang='lat' dir='ltr'><strong>Sua</strong></span> <span class='ocrx_word' id='word_1_292' title='bbox 1418 3117 1624 3187; x_wconf 88' lang='lat' dir='ltr'><strong>Beatitudine.</strong></span> 
     </span>
    </p>
   </div>
   <div class='ocr_carea' id='block_1_6' title="bbox 252 3238 1625 3861">
    <p class='ocr_par' dir='ltr' id='par_1_6' title="bbox 252 3238 1625 3861">
     <span class='ocr_line' id='line_1_27' title="bbox 358 3238 1625 3330; baseline 0.002 -24"><span class='ocrx_word' id='word_1_293' title='bbox 358 3238 499 3320; x_wconf 89' lang='lat' dir='ltr'><strong>Quando</strong></span> <span class='ocrx_word' id='word_1_294' title='bbox 528 3240 561 3306; x_wconf 93' lang='lat' dir='ltr'><strong>io</strong></span> <span class='ocrx_word' id='word_1_295' title='bbox 584 3241 702 3328; x_wconf 88' lang='lat' dir='ltr'><strong>partiva</strong></span> <span class='ocrx_word' id='word_1_296' title='bbox 725 3239 756 3308; x_wconf 91' lang='lat' dir='ltr'><strong>di</strong></span> <span class='ocrx_word' id='word_1_297' title='bbox 780 3245 883 3324; x_wconf 77' lang='lat' dir='ltr'><strong>costi,</strong></span> <span class='ocrx_word' id='word_1_298' title='bbox 908 3241 950 3309; x_wconf 93' lang='lat' dir='ltr'><strong>N.</strong></span> <span class='ocrx_word' id='word_1_299' title='bbox 974 3242 1110 3330; x_wconf 88' lang='lat' dir='ltr'><strong>Signore</strong></span> <span class='ocrx_word' id='word_1_300' title='bbox 1138 3243 1184 3309; x_wconf 89' lang='lat' dir='ltr'><strong>mi</strong></span> <span class='ocrx_word' id='word_1_301' title='bbox 1210 3264 1391 3330; x_wconf 88' lang='lat' dir='ltr'><strong>promesse,</strong></span> <span class='ocrx_word' id='word_1_302' title='bbox 1420 3242 1478 3309; x_wconf 94' lang='lat' dir='ltr'><strong>che</strong></span> <span class='ocrx_word' id='word_1_303' title='bbox 1501 3240 1530 3308; x_wconf 84' lang='lat' dir='ltr'><strong>la</strong></span> <span class='ocrx_word' id='word_1_304' title='bbox 1552 3265 1625 3330; x_wconf 77' lang='lat' dir='ltr'><strong>pro</strong></span> 
     </span>
     <span class='ocr_line' id='line_1_28' title="bbox 252 3343 1624 3436; baseline 0.005 -27"><span class='ocrx_word' id='word_1_305' title='bbox 252 3343 354 3410; x_wconf 89' lang='lat' dir='ltr'><strong>vision</strong></span> <span class='ocrx_word' id='word_1_306' title='bbox 384 3345 448 3411; x_wconf 88' lang='lat' dir='ltr'><strong>mia</strong></span> <span class='ocrx_word' id='word_1_307' title='bbox 478 3344 557 3412; x_wconf 88' lang='lat' dir='ltr'><strong>della</strong></span> <span class='ocrx_word' id='word_1_308' title='bbox 586 3351 773 3434; x_wconf 86' lang='lat' dir='ltr'><strong>segnatura¹</strong></span> <span class='ocrx_word' id='word_1_309' title='bbox 800 3348 845 3414; x_wconf 90' lang='lat' dir='ltr'><strong>mi</strong></span> <span class='ocrx_word' id='word_1_310' title='bbox 876 3347 1004 3415; x_wconf 90' lang='lat' dir='ltr'><strong>sarebbe</strong></span> <span class='ocrx_word' id='word_1_311' title='bbox 1033 3359 1158 3436; x_wconf 87' lang='lat' dir='ltr'><strong>pagata,</strong></span> <span class='ocrx_word' id='word_1_312' title='bbox 1187 3367 1218 3415; x_wconf 89' lang='lat' dir='ltr'><strong>et</strong></span> <span class='ocrx_word' id='word_1_313' title='bbox 1245 3347 1362 3436; x_wconf 71' lang='lat' dir='ltr'><strong>perche</strong></span> <span class='ocrx_word' id='word_1_314' title='bbox 1389 3370 1483 3436; x_wconf 81' lang='lat' dir='ltr'><strong>sopra</strong></span> <span class='ocrx_word' id='word_1_315' title='bbox 1511 3360 1624 3436; x_wconf 88' lang='lat' dir='ltr'><strong>questo</strong></span> 
     </span>
     <span class='ocr_line' id='line_1_29' title="bbox 253 3445 1624 3542; baseline 0.004 -27"><span class='ocrx_word' id='word_1_316' title='bbox 253 3445 386 3537; x_wconf 84' lang='lat' dir='ltr'><strong>disegno</strong></span> <span class='ocrx_word' id='word_1_317' title='bbox 408 3449 554 3538; x_wconf 88' lang='lat' dir='ltr'><strong>providdi</strong></span> <span class='ocrx_word' id='word_1_318' title='bbox 575 3453 651 3520; x_wconf 88' lang='lat' dir='ltr'><strong>certi</strong></span> <span class='ocrx_word' id='word_1_319' title='bbox 675 3454 750 3520; x_wconf 88' lang='lat' dir='ltr'><strong>miei</strong></span> <span class='ocrx_word' id='word_1_320' title='bbox 773 3451 868 3521; x_wconf 88' lang='lat' dir='ltr'><strong>debiti</strong></span> <span class='ocrx_word' id='word_1_321' title='bbox 893 3465 924 3520; x_wconf 92' lang='lat' dir='ltr'><strong>et</strong></span> <span class='ocrx_word' id='word_1_322' title='bbox 946 3452 1072 3542; x_wconf 89' lang='lat' dir='ltr'><strong>bisogni</strong></span> <span class='ocrx_word' id='word_1_323' title='bbox 1096 3456 1194 3536; x_wconf 78' lang='lat' dir='ltr'><strong>costi,</strong></span> <span class='ocrx_word' id='word_1_324' title='bbox 1216 3456 1295 3542; x_wconf 81' lang='lat' dir='ltr'><strong>pero</strong></span> <span class='ocrx_word' id='word_1_325' title='bbox 1319 3476 1420 3542; x_wconf 86' lang='lat' dir='ltr'><strong>prego</strong></span> <span class='ocrx_word' id='word_1_326' title='bbox 1440 3453 1480 3520; x_wconf 91' lang='lat' dir='ltr'><strong>V.</strong></span> <span class='ocrx_word' id='word_1_327' title='bbox 1498 3453 1540 3536; x_wconf 88' lang='grc'><strong>3.,</strong></span> <span class='ocrx_word' id='word_1_328' title='bbox 1565 3454 1624 3521; x_wconf 89' lang='lat' dir='ltr'><strong>che</strong></span> 
     </span>
     <span class='ocr_line' id='line_1_30' title="bbox 252 3556 1623 3651; baseline 0.005 -30"><span class='ocrx_word' id='word_1_329' title='bbox 252 3556 341 3643; x_wconf 88' lang='lat' dir='ltr'><strong>operi</strong></span> <span class='ocrx_word' id='word_1_330' title='bbox 364 3578 426 3623; x_wconf 93' lang='lat' dir='ltr'><strong>con</strong></span> <span class='ocrx_word' id='word_1_331' title='bbox 445 3556 508 3624; x_wconf 87' lang='lat' dir='ltr'><strong>Sua</strong></span> <span class='ocrx_word' id='word_1_332' title='bbox 523 3557 653 3641; x_wconf 78' lang='lat' dir='ltr'><strong>Santitl,</strong></span> <span class='ocrx_word' id='word_1_333' title='bbox 677 3558 735 3626; x_wconf 91' lang='lat' dir='ltr'><strong>che</strong></span> <span class='ocrx_word' id='word_1_334' title='bbox 759 3558 837 3628; x_wconf 87' lang='lat' dir='ltr'><strong>detti</strong></span> <span class='ocrx_word' id='word_1_335' title='bbox 861 3558 966 3627; x_wconf 88' lang='lat' dir='ltr'><strong>danari</strong></span> <span class='ocrx_word' id='word_1_336' title='bbox 990 3561 1080 3626; x_wconf 87' lang='lat' dir='ltr'><strong>siano</strong></span> <span class='ocrx_word' id='word_1_337' title='bbox 1104 3561 1208 3648; x_wconf 86' lang='lat' dir='ltr'><strong>pagati</strong></span> <span class='ocrx_word' id='word_1_338' title='bbox 1231 3582 1248 3626; x_wconf 88' lang='lat' dir='ltr'><strong>a</strong></span> <span class='ocrx_word' id='word_1_339' title='bbox 1271 3560 1373 3651; x_wconf 90' lang='lat' dir='ltr'><strong>questi</strong></span> <span class='ocrx_word' id='word_1_340' title='bbox 1397 3560 1483 3643; x_wconf 86' lang='lat' dir='ltr'><strong>miei,</strong></span> <span class='ocrx_word' id='word_1_341' title='bbox 1506 3560 1623 3648; x_wconf 79' lang='lat' dir='ltr'><strong>perche</strong></span> 
     </span>
     <span class='ocr_line' id='line_1_31' title="bbox 252 3661 1624 3755; baseline 0.004 -28"><span class='ocrx_word' id='word_1_342' title='bbox 252 3683 292 3728; x_wconf 89' lang='lat' dir='ltr'><strong>ne</strong></span> <span class='ocrx_word' id='word_1_343' title='bbox 316 3661 359 3728; x_wconf 95' lang='lat' dir='ltr'><strong>ho</strong></span> <span class='ocrx_word' id='word_1_344' title='bbox 382 3661 594 3751; x_wconf 88' lang='lat' dir='ltr'><strong>grandissimo</strong></span> <span class='ocrx_word' id='word_1_345' title='bbox 623 3663 761 3753; x_wconf 84' lang='lat' dir='ltr'><strong>bisogno</strong></span> <span class='ocrx_word' id='word_1_346' title='bbox 784 3688 841 3754; x_wconf 88' lang='lat' dir='ltr'><strong>per</strong></span> <span class='ocrx_word' id='word_1_347' title='bbox 863 3664 893 3732; x_wconf 89' lang='lat' dir='ltr'><strong>le</strong></span> <span class='ocrx_word' id='word_1_348' title='bbox 915 3664 1126 3754; x_wconf 86' lang='lat' dir='ltr'><strong>grandissime</strong></span> <span class='ocrx_word' id='word_1_349' title='bbox 1155 3688 1246 3755; x_wconf 88' lang='lat' dir='ltr'><strong>spese</strong></span> <span class='ocrx_word' id='word_1_350' title='bbox 1269 3677 1301 3733; x_wconf 88' lang='lat' dir='ltr'><strong>et</strong></span> <span class='ocrx_word' id='word_1_351' title='bbox 1324 3689 1402 3754; x_wconf 88' lang='lat' dir='ltr'><strong>gran</strong></span> <span class='ocrx_word' id='word_1_352' title='bbox 1427 3664 1541 3753; x_wconf 86' lang='lat' dir='ltr'><strong>disagi,</strong></span> <span class='ocrx_word' id='word_1_353' title='bbox 1565 3666 1624 3733; x_wconf 90' lang='lat' dir='ltr'><strong>che</strong></span> 
     </span>
     <span class='ocr_line' id='line_1_32' title="bbox 252 3768 1567 3861; baseline 0.005 -28"><span class='ocrx_word' id='word_1_354' title='bbox 252 3768 295 3832; x_wconf 86' lang='lat' dir='ltr'><strong>nri</strong></span> <span class='ocrx_word' id='word_1_355' title='bbox 318 3791 401 3835; x_wconf 91' lang='lat' dir='ltr'><strong>sono</strong></span> <span class='ocrx_word' id='word_1_356' title='bbox 425 3770 621 3858; x_wconf 88' lang='lat' dir='ltr'><strong>sopragiunti</strong></span> <span class='ocrx_word' id='word_1_357' title='bbox 644 3772 677 3838; x_wconf 93' lang='lat' dir='ltr'><strong>in</strong></span> <span class='ocrx_word' id='word_1_358' title='bbox 700 3784 814 3861; x_wconf 89' lang='lat' dir='ltr'><strong>questo</strong></span> <span class='ocrx_word' id='word_1_359' title='bbox 838 3772 965 3839; x_wconf 87' lang='lat' dir='ltr'><strong>camino</strong></span> <span class='ocrx_word' id='word_1_360' title='bbox 989 3784 1021 3838; x_wconf 89' lang='lat' dir='ltr'><strong>et</strong></span> <span class='ocrx_word' id='word_1_361' title='bbox 1044 3771 1128 3839; x_wconf 88' lang='lat' dir='ltr'><strong>ch&#39;io</strong></span> <span class='ocrx_word' id='word_1_362' title='bbox 1152 3772 1195 3839; x_wconf 95' lang='lat' dir='ltr'><strong>ho</strong></span> <span class='ocrx_word' id='word_1_363' title='bbox 1219 3774 1481 3840; x_wconf 87' lang='lat' dir='ltr'><strong>continuamente</strong></span> <span class='ocrx_word' id='word_1_364' title='bbox 1504 3773 1567 3861; x_wconf 92' lang='lat' dir='ltr'><strong>qui.</strong></span> 
     </span>
    </p>
   </div>
   <div class='ocr_carea' id='block_1_7' title="bbox 357 3891 992 3981">
    <p class='ocr_par' dir='ltr' id='par_1_7' title="bbox 357 3891 992 3981">
     <span class='ocr_line' id='line_1_33' title="bbox 357 3891 992 3981; baseline 0.008 -24"><span class='ocrx_word' id='word_1_365' title='bbox 357 3892 397 3958; x_wconf 89' lang='lat' dir='ltr'><strong>Di</strong></span> <span class='ocrx_word' id='word_1_366' title='bbox 421 3891 622 3961; x_wconf 81' lang='lat' dir='ltr'><strong>Londraalli</strong></span> <span class='ocrx_word' id='word_1_367' title='bbox 649 3916 687 3981; x_wconf 89' lang='lat'><strong>17</strong></span> <span class='ocrx_word' id='word_1_368' title='bbox 710 3892 871 3963; x_wconf 90' lang='lat' dir='ltr'><strong>d’ottobre</strong></span> <span class='ocrx_word' id='word_1_369' title='bbox 900 3897 992 3979; x_wconf 83' lang='lat'>1528.</span> 
     </span>
    </p>
   </div>
   <div class='ocr_carea' id='block_1_8' title="bbox 905 4144 971 4227">
    <p class='ocr_par' dir='ltr' id='par_1_8' title="bbox 905 4144 971 4227">
     <span class='ocr_line' id='line_1_34' title="bbox 905 4144 971 4227; baseline -0.015 0"><span class='ocrx_word' id='word_1_370' title='bbox 905 4144 971 4227; x_wconf 79' lang='lat'><strong>30.</strong></span> 
     </span>
    </p>
   </div>
   <div class='ocr_carea' id='block_1_9' title="bbox 250 4297 1621 4546">
    <p class='ocr_par' dir='ltr' id='par_1_9' title="bbox 250 4297 1621 4546">
     <span class='ocr_line' id='line_1_35' title="bbox 356 4297 1621 4376; baseline 0.006 -25"><span class='ocrx_word' id='word_1_371' title='bbox 356 4297 520 4371; x_wconf 60' lang='lat' dir='ltr'><strong>Forlsetrung</strong></span> <span class='ocrx_word' id='word_1_372' title='bbox 542 4301 585 4354; x_wconf 85' lang='lat' dir='ltr'><strong>des</strong></span> <span class='ocrx_word' id='word_1_373' title='bbox 606 4301 732 4356; x_wconf 80' lang='lat' dir='ltr'><strong>Berichtes</strong></span> <span class='ocrx_word' id='word_1_374' title='bbox 755 4318 801 4356; x_wconf 80' lang='lat' dir='ltr'><strong>arcs</strong></span> <span class='ocrx_word' id='word_1_375' title='bbox 819 4300 935 4355; x_wconf 77' lang='lat' dir='ltr'><strong>london.</strong></span> <span class='ocrx_word' id='word_1_376' title='bbox 975 4302 1143 4357; x_wconf 80' lang='lat' dir='ltr'><strong>Nachrichten</strong></span> <span class='ocrx_word' id='word_1_377' title='bbox 1166 4303 1227 4356; x_wconf 73' lang='lat' dir='ltr'><strong>tiber</strong></span> <span class='ocrx_word' id='word_1_378' title='bbox 1248 4303 1296 4358; x_wconf 85' lang='lat' dir='ltr'><strong>den</strong></span> <span class='ocrx_word' id='word_1_379' title='bbox 1320 4303 1414 4358; x_wconf 82' lang='lat' dir='ltr'><strong>Kaiser</strong></span> <span class='ocrx_word' id='word_1_380' title='bbox 1436 4321 1483 4357; x_wconf 85' lang='lat' dir='ltr'><strong>aus</strong></span> <span class='ocrx_word' id='word_1_381' title='bbox 1502 4303 1621 4376; x_wconf 73' lang='lat' dir='ltr'><strong>Spartica.</strong></span> 
     </span>
     <span class='ocr_line' id='line_1_36' title="bbox 255 4383 1621 4462; baseline 0.005 -24"><span class='ocrx_word' id='word_1_382' title='bbox 255 4383 363 4457; x_wconf 81' lang='lat' dir='ltr'><strong>Wolseys</strong></span> <span class='ocrx_word' id='word_1_383' title='bbox 381 4386 446 4440; x_wconf 84' lang='lat' dir='ltr'><strong>Plan</strong></span> <span class='ocrx_word' id='word_1_384' title='bbox 469 4390 540 4441; x_wconf 82' lang='lat' dir='ltr'><strong>einer</strong></span> <span class='ocrx_word' id='word_1_385' title='bbox 555 4390 660 4459; x_wconf 77' lang='lat' dir='ltr'><strong>grossen</strong></span> <span class='ocrx_word' id='word_1_386' title='bbox 680 4390 813 4444; x_wconf 82' lang='lat' dir='ltr'><strong>Koalition</strong></span> <span class='ocrx_word' id='word_1_387' title='bbox 837 4390 957 4458; x_wconf 64' lang='lat' dir='ltr'><strong>(wischen</strong></span> <span class='ocrx_word' id='word_1_388' title='bbox 977 4390 1112 4462; x_wconf 79' lang='lat' dir='ltr'><strong>England,</strong></span> <span class='ocrx_word' id='word_1_389' title='bbox 1131 4390 1288 4445; x_wconf 75' lang='lat' dir='ltr'><strong>Frankreich</strong></span> <span class='ocrx_word' id='word_1_390' title='bbox 1310 4392 1364 4444; x_wconf 83' lang='lat' dir='ltr'><strong>und</strong></span> <span class='ocrx_word' id='word_1_391' title='bbox 1381 4392 1429 4444; x_wconf 88' lang='lat' dir='ltr'><strong>den</strong></span> <span class='ocrx_word' id='word_1_392' title='bbox 1449 4392 1621 4445; x_wconf 82' lang='lat' dir='ltr'><strong>italienischen</strong></span> 
     </span>
     <span class='ocr_line' id='line_1_37' title="bbox 250 4472 968 4546; baseline 0.015 -20"><span class='ocrx_word' id='word_1_393' title='bbox 250 4472 367 4527; x_wconf 74' lang='lat' dir='ltr'><strong>Machten</strong></span> <span class='ocrx_word' id='word_1_394' title='bbox 384 4494 467 4546; x_wconf 75' lang='lat' dir='ltr'><strong>gagen</strong></span> <span class='ocrx_word' id='word_1_395' title='bbox 484 4477 533 4529; x_wconf 81' lang='lat' dir='ltr'><strong>dea</strong></span> <span class='ocrx_word' id='word_1_396' title='bbox 553 4477 653 4532; x_wconf 80' lang='lat' dir='ltr'><strong>Kaiser.</strong></span> <span class='ocrx_word' id='word_1_397' title='bbox 966 4472 968 4477; x_wconf 36' lang='lat'><strong>¹</strong></span> 
     </span>
    </p>
   </div>
   <div class='ocr_carea' id='block_1_10' title="bbox 249 4590 1621 4816">
    <p class='ocr_par' dir='ltr' id='par_1_10' title="bbox 249 4590 1621 4816">
     <span class='ocr_line' id='line_1_38' title="bbox 353 4590 1621 4709; baseline 0.005 -27"><span class='ocrx_word' id='word_1_398' title='bbox 353 4616 431 4683; x_wconf 91' lang='lat' dir='ltr'><strong>Non</strong></span> <span class='ocrx_word' id='word_1_399' title='bbox 455 4618 480 4683; x_wconf 92' lang='lat' dir='ltr'><strong>si</strong></span> <span class='ocrx_word' id='word_1_400' title='bbox 511 4619 649 4687; x_wconf 87' lang='lat' dir='ltr'><strong>essendo</strong></span> <span class='ocrx_word' id='word_1_401' title='bbox 681 4619 829 4709; x_wconf 85' lang='lat' dir='ltr'><strong>expedito</strong></span> <span class='ocrx_word' id='word_1_402' title='bbox 854 4620 941 4704; x_wconf 89' lang='lat' dir='ltr'><strong>hieri,</strong></span> <span class='ocrx_word' id='word_1_403' title='bbox 972 4621 1031 4688; x_wconf 89' lang='lat' dir='ltr'><strong>che</strong></span> <span class='ocrx_word' id='word_1_404' title='bbox 1059 4621 1091 4688; x_wconf 86' lang='lat' dir='ltr'><strong>lu</strong></span> <span class='ocrx_word' id='word_1_405' title='bbox 1115 4621 1164 4688; x_wconf 89' lang='lat' dir='ltr'><strong>alli</strong></span> <span class='ocrx_word' id='word_1_406' title='bbox 1188 4621 1305 4703; x_wconf 88' lang='lat' dir='ltr'><strong>XVllI,</strong></span> <span class='ocrx_word' id='word_1_407' title='bbox 1329 4633 1443 4709; x_wconf 90' lang='lat' dir='ltr'><strong>questo</strong></span> <span class='ocrx_word' id='word_1_408' title='bbox 1469 4622 1565 4690; x_wconf 84' lang='lat' dir='ltr'><strong>Rm0.</strong></span> <span class='ocrx_word' id='word_1_409' title='bbox 1589 4590 1621 4688; x_wconf 84' lang='lat' dir='ltr'><strong>et</strong></span> 
     </span>
     <span class='ocr_line' id='line_1_39' title="bbox 249 4719 1619 4816; baseline 0.004 -30"><span class='ocrx_word' id='word_1_410' title='bbox 249 4719 350 4789; x_wconf 89' lang='lat' dir='ltr'><strong>Illmo.</strong></span> <span class='ocrx_word' id='word_1_411' title='bbox 374 4723 561 4793; x_wconf 89' lang='lat' dir='ltr'><strong>ritornando</strong></span> <span class='ocrx_word' id='word_1_412' title='bbox 591 4724 680 4794; x_wconf 88' lang='lat' dir='ltr'><strong>dala</strong></span> <span class='ocrx_word' id='word_1_413' title='bbox 703 4726 825 4794; x_wconf 74' lang='lat' dir='ltr'><strong>Maesta</strong></span> <span class='ocrx_word' id='word_1_414' title='bbox 853 4725 903 4794; x_wconf 88' lang='lat' dir='ltr'><strong>del</strong></span> <span class='ocrx_word' id='word_1_415' title='bbox 926 4751 960 4795; x_wconf 87' lang='lat' dir='ltr'><strong>re</strong></span> <span class='ocrx_word' id='word_1_416' title='bbox 988 4727 1040 4794; x_wconf 89' lang='lat' dir='ltr'><strong>nel</strong></span> <span class='ocrx_word' id='word_1_417' title='bbox 1066 4750 1172 4816; x_wconf 89' lang='lat' dir='ltr'><strong>passar</strong></span> <span class='ocrx_word' id='word_1_418' title='bbox 1195 4727 1276 4794; x_wconf 89' lang='lat' dir='ltr'><strong>oltre</strong></span> <span class='ocrx_word' id='word_1_419' title='bbox 1300 4750 1405 4794; x_wconf 88' lang='lat' dir='ltr'><strong>venne</strong></span> <span class='ocrx_word' id='word_1_420' title='bbox 1428 4749 1445 4793; x_wconf 90' lang='lat' dir='ltr'><strong>a</strong></span> <span class='ocrx_word' id='word_1_421' title='bbox 1468 4727 1619 4794; x_wconf 87' lang='lat' dir='ltr'><strong>visitarmi</strong></span> 
     </span>
    </p>
   </div>
   <div class='ocr_carea' id='block_1_11' title="bbox 355 4916 1619 5043">
    <p class='ocr_par' dir='ltr' id='par_1_11' title="bbox 355 4916 1619 5043">
     <span class='ocr_line' id='line_1_40' title="bbox 355 4916 1619 5043; baseline 0.004 -73"><span class='ocrx_word' id='word_1_422' title='bbox 355 4926 364 4954; x_wconf 90' lang='lat'><strong>¹</strong></span> <span class='ocrx_word' id='word_1_423' title='bbox 382 4916 554 5043; x_wconf 54' lang='lat' dir='ltr'><strong>Campefgio</strong></span> <span class='ocrx_word' id='word_1_424' title='bbox 566 4937 623 4974; x_wconf 85' lang='lat' dir='ltr'><strong>war</strong></span> <span class='ocrx_word' id='word_1_425' title='bbox 640 4920 690 4974; x_wconf 86' lang='lat' dir='ltr'><strong>seit</strong></span> <span class='ocrx_word' id='word_1_426' title='bbox 703 4919 765 4974; x_wconf 80' lang='lat' dir='ltr'><strong>dean</strong></span> <span class='ocrx_word' id='word_1_427' title='bbox 777 4920 857 4991; x_wconf 81' lang='lat' dir='ltr'><strong>lahre</strong></span> <span class='ocrx_word' id='word_1_428' title='bbox 871 4935 940 4989; x_wconf 82' lang='lat'><em>1520</em></span> <span class='ocrx_word' id='word_1_429' title='bbox 957 4920 1064 4976; x_wconf 77' lang='lat' dir='ltr'><strong>Prifelrt</strong></span> <span class='ocrx_word' id='word_1_430' title='bbox 1078 4921 1125 4974; x_wconf 92' lang='lat' dir='ltr'><strong>der</strong></span> <span class='ocrx_word' id='word_1_431' title='bbox 1143 4921 1278 4991; x_wconf 83' lang='lat' dir='ltr'><strong>signatura</strong></span> <span class='ocrx_word' id='word_1_432' title='bbox 1290 4920 1404 4974; x_wconf 86' lang='lat' dir='ltr'><strong>iustitiae</strong></span> <span class='ocrx_word' id='word_1_433' title='bbox 1422 4936 1456 4973; x_wconf 86' lang='lat' dir='ltr'><strong>an</strong></span> <span class='ocrx_word' id='word_1_434' title='bbox 1470 4919 1518 4973; x_wconf 87' lang='lat' dir='ltr'><strong>der</strong></span> <span class='ocrx_word' id='word_1_435' title='bbox 1530 4919 1619 4975; x_wconf 85' lang='lat' dir='ltr'><strong>Kurie.</strong></span> 
     </span>
    </p>
   </div>
   <div class='ocr_carea' id='block_1_12' title="bbox 250 4984 1050 5062">
    <p class='ocr_par' dir='ltr' id='par_1_12' title="bbox 250 4984 1050 5062">
     <span class='ocr_line' id='line_1_41' title="bbox 250 4984 1050 5062; baseline 0.011 -26"><span class='ocrx_word' id='word_1_436' title='bbox 250 4984 381 5057; x_wconf 82' lang='lat' dir='ltr'><strong>Sigonius,</strong></span> <span class='ocrx_word' id='word_1_437' title='bbox 401 4988 462 5043; x_wconf 89' lang='lat' dir='ltr'><strong>Vita</strong></span> <span class='ocrx_word' id='word_1_438' title='bbox 505 4989 680 5061; x_wconf 81' lang='lat' dir='ltr'><strong>.Campegii.</strong></span> <span class='ocrx_word' id='word_1_439' title='bbox 718 4990 857 5046; x_wconf 88' lang='lat' dir='ltr'><strong>Bononiae</strong></span> <span class='ocrx_word' id='word_1_440' title='bbox 879 4992 939 5060; x_wconf 85' lang='lat'>1581</span> <span class='ocrx_word' id='word_1_441' title='bbox 963 5009 988 5062; x_wconf 89' lang='lat' dir='ltr'><strong>p.</strong></span> <span class='ocrx_word' id='word_1_442' title='bbox 1007 5006 1050 5061; x_wconf 84' lang='lat'><strong>47.</strong></span> 
     </span>
    </p>
   </div>
   <div class='ocr_carea' id='block_1_13' title="bbox 1462 5099 1484 5143">
    <p class='ocr_par' dir='ltr' id='par_1_13' title="bbox 1462 5099 1484 5143">
     <span class='ocr_line' id='line_1_42' title="bbox 1462 5099 1484 5143; baseline 0 -25"><span class='ocrx_word' id='word_1_443' title='bbox 1462 5099 1484 5143; x_wconf 68' lang='lat'><strong>4.</strong></span> 
     </span>
    </p>
   </div>
   <div class='ocr_carea' id='block_1_14' title="bbox 0 0 1926 5592">
    <p class='ocr_par' dir='ltr' id='par_1_14' title="bbox 0 0 1926 5592">
     <span class='ocr_line' id='line_1_43' title="bbox 0 0 1926 5592; baseline 0 0"><span class='ocrx_word' id='word_1_444' title='bbox 0 0 1926 5592; x_wconf 95' lang='lat' dir='ltr'><strong> </strong></span> 
     </span>
    </p>
   </div>
  </div>
 </body>
</html>
