3802 5606
260 300 324 361 '264
1508 316 1633 387 Anhang.

363 474 399 539 Io
422 497 490 541 non
514 497 551 540 so
575 473 633 542 che
657 476 771 563 partito
795 477 839 542 nri
855 476 984 565 pigliare
1001 499 1056 565 per
1079 474 1124 544 lar
1141 476 1286 545 intendes
1309 477 1341 544 in
1357 476 1544 566 lnghilterra
1559 477 1631 566 quel

260 580 319 646 che
335 581 454 647 Vostra
476 581 623 667 Signoria
646 582 757 664 scrive,
781 583 897 670 perche
920 585 1021 650 siamo
1046 583 1148 651 molto
1172 581 1254 650 fuori
1279 582 1307 651 di
1333 582 1417 673 quell
1440 585 1578 665 camin0,
1601 595 1633 652 et

259 687 387 774 pervia
412 684 443 753 di
468 688 619 755 mercanti
644 711 711 755 non
736 713 773 756 so
796 701 904 757 trovar
927 688 1028 758 modo
1053 690 1082 757 di
1107 692 1223 758 scriver
1246 714 1279 757 se
1304 713 1371 757 non
1402 688 1631 779 lunghissim03

260 792 280 857 il
305 792 466 860 mandarvi
491 818 531 860 un
558 795 681 861 buomo
705 797 850 863 metteria
873 809 990 885 troppo
1014 809 1174 885 sospetto,
1203 808 1234 865 et
1258 797 1297 863 V.
1323 796 1354 864 S.
1383 795 1445 863 l'lia
1473 797 1556 865 visto
1580 797 1633 864 nel

260 898 409 967 mandare
425 900 601 967 francesco
626 900 664 968 da
689 901 791 984 Colle,
815 902 835 968 il
858 903 949 993 quale
973 926 1040 970 non
1065 908 1083 971 ὲ
1106 904 1169 970 mai
1192 903 1358 985 ritornatO,
1383 916 1414 971 et
1430 904 1484 991 poi
1508 904 1540 971 io
1564 926 1632 970 non

260 1029 308 1088 so,
332 1029 426 1073 come
450 1005 471 1072 il
495 1005 650 1074 cardinale
675 1008 875 1097 Campeggio
899 1034 933 1077 se
956 1010 984 1076 la
1008 1008 1152 1092 intende,
1180 1008 1299 1099 alquale
1331 1009 1439 1077 hanno
1462 1032 1631 1099 promesso

261 1137 303 1180 un
327 1111 407 1179 altro
430 1113 517 1180 buon
541 1112 738 1193 vescovad0,
770 1127 800 1183 et
830 1113 972 1183 desidera
995 1115 1113 1199 molto,
1142 1130 1329 1185 tornarsene
1358 1128 1390 1184 et
1417 1117 1541 1183 uscirne
1570 1139 1632 1183 con

260 1220 358 1306 gratia
382 1217 413 1284 di
437 1220 509 1308 quel
534 1243 635 1306 regno
643 1246 652 1303 3
676 1243 735 1308 pur
758 1224 894 1310 penserb
918 1246 935 1288 a
958 1221 1090 1311 qualche
1115 1220 1302 1312 expediente
1325 1244 1381 1310 per
1397 1219 1517 1290 satisfar
1535 1221 1563 1289 al
1580 1220 1633 1290 de-

261 1323 377 1392 siderio
406 1324 436 1392 di
459 1326 501 1392 N.
526 1326 672 1415 Signore.

367 1448 463 1532 Blois,
488 1470 517 1516 2.
543 1451 607 1518 Mai
636 1471 728 1537 1529.

473 1609 501 1663 L.
522 1627 544 1664 c.
564 1628 588 1680 p.
608 1625 667 1680 430.
705 1611 731 1666 S.
751 1613 821 1666 oben
841 1612 883 1666 die
902 1613 1106 1684 Bemerlrungen
1125 1630 1156 1665 zu
1174 1611 1306 1666 Nr.XV1.
1338 1612 1443 1666 Anstatt
1463 1612 1507 1666 ein
1525 1613 1634 1666 aweites

367 1697 469 1751 Bistum
492 1699 518 1751 in
541 1699 663 1771 England
683 1701 825 1770 (Durham)
850 1720 881 1755 zu
905 1702 1045 1773 erlangen,
1070 1701 1157 1755 verlor
1176 1700 1347 1772 Campeggio
1370 1704 1443 1771 jenes
1468 1700 1635 1774 (Salisbury),

367 1785 485 1839 welches
505 1804 533 1840 er
552 1789 619 1841 nach
638 1789 726 1842 seiner
745 1800 833 1844 ersten
852 1789 983 1861 Legation
1001 1790 1070 1844 nach
1087 1789 1209 1860 England
1227 1790 1264 1843 im
1278 1790 1357 1859 Jahre
1372 1791 1438 1857 1518
1458 1787 1574 1843 daselbst
1593 1805 1634 1843 er-

367 1873 457 1929 lralten
477 1876 557 1930 hatte.
589 1876 680 1948 Vergl.
700 1878 797 1932 Burnet
818 1878 837 1933 1.
857 1877 926 1933 Coll.
945 1879 978 1933 11.
998 1897 1023 1932 n.
1042 1880 1085 1943 48.

903 2094 997 2175 XX.

589 2255 640 2318 An
663 2251 808 2338 Jacobo
832 2252 1001 2321 Salviati.
1049 2273 1100 2320 20.
1125 2252 1190 2319 Mai
1218 2271 1310 2338 1529.

369 2406 504 2462 Arrsr'clrlen
521 2411 564 2464 des
577 2411 675 2482 Kom'gs
693 2430 745 2466 von
759 2412 914 2466 Frankreich
933 2413 992 2464 uber
1009 2413 1050 2464 die
1065 2411 1136 2483 luge
1154 2412 1199 2464 der·
1219 2411 1306 2481 Dingr
1325 2413 1351 2463 in
1366 2411 1487 2482 England
1506 2411 1558 2463 und
1576 2411 1637 2463 tiber

262 2495 303 2546 dic
323 2496 438 2568 Stellrrrrg
455 2497 571 2569 Wolsrys.
609 2499 660 2553 Dr'e
679 2501 765 2572 Briese.
783 2519 830 2555 aus
848 2502 920 2566 Rom,
938 2501 981 2553 die
994 2499 1109 2553 Salviati
1128 2502 1155 2552 in
1173 2502 1259 2568 letzter
1272 2500 1328 2554 Zeit
1345 2499 1441 2552 sowohl
1449 2500 1501 2569 jur
1518 2498 1569 2551 sich
1587 2500 1638 2551 wie

255 2584 306 2653 jilr
318 2584 475 2657 Carnprggr'o
493 2587 572 2639 durch
586 2588 769 2661 Vermirrelung
787 2591 829 2643 des
847 2590 988 2662 englischen
1001 2588 1145 2642 Gesondlen
1164 2588 1277 2642 erhallen
1288 2589 1340 2652 hal,
1358 2605 1445 2640 waren
1457 2588 1565 2658 geoffnet
1584 2588 1638 2639 und

264 2690 313 2724 nur
331 2674 387 2726 sehr
406 2675 563 2746 irrangelhast
581 2678 676 2730 wieder
695 2679 861 2732 verschlossun
880 2678 992 2731 worden.

369 2816 393 2882 ll
418 2817 666 2887 Cristianissimo
690 2821 730 2887 ha
754 2820 922 2908 opinione,
954 2820 1013 2887 che
1042 2820 1064 2886 il
1087 2842 1120 2887 re
1144 2817 1363 2906 d'lnghilterra
1386 2816 1450 2884 farl
1477 2815 1498 2882 il
1526 2838 1636 2883 nuovo

264 2923 471 2990 matrimonio
495 2926 527 2991 in
552 2929 630 3013 ogni
653 2926 766 3008 mod0‚
790 2939 880 2994 tanto
909 2927 978 3015 pili,
1007 2938 1126 3016 quanto
1155 2922 1267 2992 adesso
1296 2925 1322 2990 si
1354 2924 1469 3011 pratica
1498 2922 1526 2988 la
1548 2945 1636 3010 pace,

264 3026 403 3094 volendo
427 3030 523 3098 lraver
546 3031 669 3100 lasciata
692 3032 721 3100 la
745 3035 853 3121 regina
877 3033 1002 3099 innanzi
1027 3029 1137 3100 ch'ella
1158 3032 1184 3097 si
1208 3028 1373 3109 concluda,
1398 3042 1429 3096 et
1445 3051 1553 3117 pensa,
1577 3029 1637 3095 che

265 3157 331 3200 non
355 3134 499 3222 potendo
523 3160 578 3224 per
601 3140 651 3204 via
675 3138 704 3206 di
729 3140 833 3206 Roma
856 3138 884 3206 la
907 3137 970 3206 farl
994 3138 1145 3205 risolvere
1177 3139 1209 3203 in
1233 3136 1428 3224 Inghilterra.
1474 3135 1555 3201 Dice
1582 3156 1638 3200 an·

265 3263 349 3322 cora,
374 3241 432 3308 che
456 3241 672 3331 l’lmperatore
696 3269 763 3313 non
788 3247 827 3313 ha
850 3245 960 3313 voluto
984 3245 1058 3313 dare
1082 3248 1123 3311 n'e
1147 3256 1283 3311 mostrar
1312 3241 1361 3310 alli
1392 3243 1498 3331 agenti
1522 3241 1592 3307 suoi
1615 3238 1637 3305 il

264 3347 380 3430 brieve,
405 3350 462 3417 che
488 3349 605 3418 dicono
631 3352 736 3434 haver,
761 3353 792 3418 in
809 3351 921 3433 rnod0,
946 3352 1005 3419 che
1028 3350 1056 3418 la
1080 3374 1171 3419 causa
1187 3351 1212 3417 si
1236 3352 1301 3437 pub
1317 3346 1476 3437 giudicare
1493 3368 1524 3416 et
1547 3351 1637 3416 verra

265 3456 296 3521 in
321 3454 429 3524 lavore
452 3456 502 3523 del
526 3481 570 3539 re,
595 3481 661 3525 non
686 3458 905 3547 comparendo
930 3457 949 3525 il
973 3457 1088 3525 brieve.
1136 3458 1235 3524 Stima
1258 3479 1389 3536 ancora,
1414 3455 1472 3523 che
1495 3453 1517 3521 il
1540 3455 1635 3523 Rmo,

265 3561 463 3630 Eboracense
487 3562 621 3630 favorirzl
643 3563 672 3630 la
694 3587 770 3653 pace
795 3576 914 3653 quanto
938 3567 1039 3652 potru,
1071 3576 1102 3631 et
1125 3562 1188 3630 fara
1211 3585 1308 3651 opera
1337 3560 1368 3628 di
1399 3562 1527 3630 lravervi
1550 3572 1637 3649 parte

265 3690 321 3756 per
344 3671 532 3758 racquistare
557 3669 714 3737 l'autoritl
737 3669 787 3737 col
811 3694 855 3753 re,
880 3670 907 3737 la
931 3670 1021 3759 quale
1044 3670 1064 3737 li
1088 3695 1126 3739 va
1149 3668 1328 3739 mancando
1352 3681 1433 3737 tutta
1454 3671 1515 3751 via,
1542 3688 1573 3736 et
1595 3692 1636 3736 ne

267 3777 283 3840 ὲ
308 3773 476 3842 manifesto
499 3798 601 3862 segno
626 3775 653 3841 la
677 3796 793 3843 venura
815 3780 876 3866 qul
900 3776 950 3844 del
974 3774 1053 3844 duca
1077 3776 1108 3844 di
1131 3775 1269 3858 Suffort,
1297 3775 1318 3842 il
1346 3774 1436 3864 quale
1465 3779 1482 3843 e
1506 3775 1637 3842 inimico

266 3878 316 3945 del
341 3878 495 3947 cardinale
520 3901 551 3947 et
574 3905 667 3948 senza
691 3881 787 3950 dubio
811 3885 883 3950 vien
907 3885 968 3971 qua
992 3895 1102 3950 contra
1126 3882 1255 3948 l'animo
1280 3904 1354 3964 suo;
1386 3892 1417 3949 et
1440 3880 1459 3947 il
1483 3904 1517 3947 re
1539 3903 1638 3969 pensa

266 3983 524 4069 resolutamente‚
549 3988 607 4055 che
630 4000 712 4056 tutte
727 3988 756 4056 le
773 3987 923 4057 difficulu
946 4009 1019 4056 nate
1036 3986 1117 4055 nella
1133 3987 1343 4056 dissolutione
1359 3986 1410 4055 del
1431 3987 1637 4055 matrimonio

266 4093 429 4180 venghino
454 4090 501 4160 dal
526 4093 691 4178 cardinale,
716 4119 733 4161 a
757 4093 827 4177 che,
850 4094 871 4161 il
894 4095 1143 4163 Cristianissinro
1175 4095 1219 4161 mi
1243 4093 1283 4161 ha
1307 4092 1396 4161 detto
1420 4116 1510 4181 saper
1538 4112 1637 4176 cert0,

266 4199 326 4266 che
361 4212 474 4288 questo
507 4222 617 4266 nuovo
652 4200 824 4288 pareutado
859 4224 927 4268 non
958 4203 1062 4288 piace,
1100 4223 1152 4268 ma
1189 4224 1256 4267 non
1288 4201 1320 4267 vi
1353 4211 1466 4267 truova
1502 4198 1637 4267 timedio

267 4304 390 4373 alcun0.

371 4413 408 4478 Io
432 4412 524 4481 hebbi
548 4413 575 4480 le
600 4413 709 4480 lettere
734 4412 765 4479 di
788 4413 906 4480 Vostra
930 4414 1076 4501 Signoria
1100 4410 1150 4480 del
1173 4412 1278 4500 primo
1296 4423 1326 4478 et
1342 4433 1458 4478 ancora
1479 4408 1517 4478 de
1540 4435 1560 4497 4
1581 4432 1639 4498 per

267 4518 295 4586 le
319 4521 404 4586 ruani
429 4519 512 4587 dello
537 4519 756 4587 imbasciatore
781 4518 1015 4607 d'Inghilterra,
1040 4532 1071 4587 et
1094 4519 1211 4601 trovai,
1242 4518 1301 4586 che
1328 4529 1409 4585 tutte
1433 4539 1534 4585 erono
1557 4528 1638 4585 state

267 4639 373 4715 aperte
397 4640 429 4694 et
444 4626 615 4694 malissime
632 4626 821 4714 risugellate,
845 4630 911 4693 cos'r
928 4626 1030 4715 quelle
1054 4627 1113 4694 che
1129 4626 1286 4693 venivano
1303 4648 1320 4691 a
1337 4647 1400 4706 me,
1424 4646 1518 4690 come
1534 4621 1638 4713 quelle

268 4732 318 4800 del
341 4734 436 4803 Rmo.
462 4734 672 4821 Campeggio.
719 4734 796 4800 Non
825 4756 878 4814 se,
907 4731 990 4800 dove
1019 4733 1150 4820 possino
1176 4753 1261 4798 esser
1288 4742 1368 4798 state
1396 4729 1526 4811 tocche‚
1555 4752 1575 4795 o
1605 4730 1638 4795 in

267 4839 407 4921 Firenze‚
432 4863 452 4905 o
477 4838 560 4906 forse
585 4838 655 4906 dall'
679 4841 794 4922 amic0,
817 4862 834 4905 a
859 4838 917 4907 che
940 4836 1035 4906 furno
1059 4839 1245 4926 consignate
1269 4837 1301 4902 in
1324 4837 1439 4905 Roma.

373 4966 424 5014 ao.
449 4946 513 5013 Mai
542 4965 633 5031 1529·
