3842 5592
301 340 342 401 54
1454 345 1575 400 Oktober
1597 346 1671 414 1528.

301 511 360 579 che
382 511 412 578 la
434 510 519 579 detta
541 510 742 578 restitutione
773 511 799 576 si
822 507 896 576 faria
924 509 1075 589 omnino,
1106 519 1137 574 et
1166 505 1236 574 chel
1259 505 1509 574 Cristianissimo
1538 507 1563 573 si
1594 529 1671 573 con-

300 618 433 685 tentaria
461 616 501 684 de
524 616 553 683 la
575 615 755 698 neutralitzl,
785 625 1042 703 expressamente
1066 611 1282 695 dichiatando,
1311 613 1370 679 che
1393 614 1442 679 sin
1471 611 1581 679 ch'ella
1603 635 1671 679 non

302 747 353 791 eta
378 721 531 811 expedita,
556 745 622 789 non
647 745 744 789 erano
768 744 824 810 per
847 720 911 788 sare
934 719 1052 803 altro«;
1077 731 1108 788 et
1123 718 1247 787 benche
1271 720 1305 786 in
1320 719 1422 808 questi
1439 719 1671 807 ragionamenti

301 831 333 897 io
356 827 377 895 li
400 827 514 895 dicessi
537 828 637 896 molte
661 851 736 896 cose
761 848 792 895 et
816 828 993 915 praecipue,
1017 826 1075 893 che
1100 849 1168 893 non
1192 848 1243 893 era
1260 826 1473 893 conveniente
1496 826 1670 912 astringere

301 936 363 1003 Sua
386 932 583 1002 Beatitudine
607 957 625 1001 a
652 958 726 1001 cosa
754 934 864 1001 alcuna
894 956 976 1000 »con
1000 932 1029 999 la
1051 933 1251 999 restitutione
1279 930 1360 999 delle
1389 953 1465 999 cose
1487 954 1543 998 sue
1570 929 1671 998 tolteli

300 1052 390 1109 tanto
415 1039 679 1109 indebitamente:
704 1064 776 1122 nos,
800 1041 911 1129 inquit,
935 1063 1003 1106 non
1027 1037 1221 1121 abstulimus,
1245 1036 1302 1105 sed
1325 1038 1456 1120 Veneti;
1480 1036 1523 1124 gli
1546 1037 1670 1125 risposi,

302 1147 361 1214 che
383 1148 457 1215 satis
481 1158 557 1229 erat,
580 1147 640 1214 che
663 1169 760 1213 erano
784 1145 855 1213 loro
879 1143 1107 1227 confederati«,
1132 1163 1163 1212 et
1178 1143 1277 1211 multa
1300 1143 1367 1225 alia,
1391 1167 1444 1211 ma
1466 1144 1492 1209 si
1508 1142 1670 1210 risolveno

291 1254 335 1320 ‘in
357 1264 476 1343 quanto
501 1252 532 1320 di
555 1276 649 1341 sopra
673 1254 716 1320 ho
741 1252 840 1320 detto
879 1253 917 1319 Et
940 1253 973 1318 in
989 1263 1100 1340 queste
1120 1270 1151 1319 et
1175 1252 1208 1317 in
1231 1250 1307 1317 altre
1329 1248 1437 1338 parole
1454 1234 1511 1317 site
1535 1260 1566 1316 et
1581 1247 1671 1316 modi

304 1358 477 1427 »dimostra
499 1360 531 1426 S.
556 1359 601 1426 M.
625 1382 691 1426 uno
715 1358 937 1426 ardentissimo
961 1356 1119 1425 desiderio
1143 1355 1174 1423 di
1197 1374 1307 1445 questa
1328 1354 1548 1436 dissolutione,
1572 1367 1604 1422 et
1627 1356 1671 1422 mi

302 1488 375 1554 pare
406 1477 495 1532 tanto
519 1488 669 1554 persuaso
699 1487 793 1553 sopra
815 1463 844 1531 la
871 1463 978 1531 nullitl
1006 1462 1037 1530 di
1065 1485 1137 1529 esso
1171 1463 1378 1528 matrimonio
1406 1474 1438 1529 et
1466 1463 1532 1528 cosi
1560 1460 1672 1528 ferma-

303 1583 411 1639 mente
435 1569 592 1653 crederlo,
622 1571 706 1638 ch'io
733 1568 793 1637 feci
822 1570 1019 1652 coniectura,
1049 1568 1107 1636 che
1139 1567 1222 1636 fusse
1245 1568 1441 1657 impossibile
1468 1566 1670 1656 persuaderlo

301 1677 517 1746 altramente.«
584 1719 590 1729 -

406 1783 439 1850 El
465 1795 619 1871 seguente
642 1783 758 1870 giorno
782 1781 810 1849 la
827 1783 948 1850 Maesta
970 1780 1022 1849 del
1044 1805 1078 1848 re
1101 1782 1331 1870 privatamente
1354 1803 1459 1847 venne
1479 1803 1497 1847 a
1519 1781 1671 1848 trovarmi

301 1888 388 1978 dopo
412 1913 539 1978 pranso,
564 1900 596 1956 et
618 1887 677 1956 soli
701 1900 841 1956 stemmo
865 1889 999 1955 insieme
1022 1889 1103 1956 circa
1126 1887 1206 1955 hore
1229 1886 1285 1969 IV,
1319 1898 1351 1954 et
1373 1897 1457 1955 tutto
1484 1885 1505 1953 il
1528 1889 1671 1974 ragiona-

301 2006 413 2063 mento
436 2014 549 2062 nostro
573 1993 604 2061 fu
628 2016 722 2082 sopra
745 1992 798 2061 dui
823 1995 905 2082 capi:
943 1992 1049 2061 »l'uno
1073 1994 1105 2059 in
1130 1991 1336 2081 persuaderli,
1367 1992 1425 2060 che
1459 2014 1515 2080 per
1537 1991 1671 2059 solidare

301 2112 333 2168 et
356 2102 487 2169 chiarire
509 2100 537 2168 la
561 2101 755 2168 conscientia
778 2124 833 2166 sua
857 2112 889 2167 et
912 2099 1049 2167 stabilire
1073 2099 1102 2166 la
1117 2101 1320 2166 successione
1336 2096 1388 2166 del
1403 2121 1505 2185 regno
1522 2110 1553 2166 et
1574 2099 1672 2166 evitat

300 2204 321 2272 li
344 2205 480 2275 scandali
501 2202 634 2275 'volesse
662 2230 730 2274 non
759 2217 912 2273 attentare
940 2218 1050 2296 questa
1078 2206 1224 2288 materia,
1252 2229 1304 2273 ma
1332 2229 1366 2272 se
1395 2228 1454 2294 pur
1481 2205 1525 2292 gli
1553 2205 1671 2273 haveva

301 2313 432 2402 qualche
460 2313 625 2402 scrupu10,
655 2325 772 2402 poteva
800 2313 915 2380 havere
943 2335 1006 2380 una
1033 2335 1140 2381 nuova
1168 2309 1347 2400 dispensae.
1399 2311 1436 2378 Et
1465 2312 1518 2401 qui
1545 2310 1670 2379 addussi

301 2419 400 2487 molte
424 2420 564 2507 ragioni,
588 2418 647 2486 che
671 2421 715 2486 mi
738 2442 876 2508 pareano
900 2418 1003 2486 molto
1028 2416 1162 2501 efficaci,
1191 2429 1223 2486 et
1250 2430 1334 2486 tutto
1364 2417 1396 2485 su
1423 2417 1670 2506 benignamente

301 2521 407 2609 udito;
435 2527 489 2614 poi
513 2527 634 2613 rispose
658 2549 752 2593 come
775 2549 793 2591 1
816 2548 892 2592 cose
915 2523 1132 2613 premeditate.
1179 2524 1218 2591 Et
1240 2546 1342 2612 penso
1367 2524 1425 2591 che
1452 2523 1669 2591 »Eboracense

300 2631 332 2699 lo
357 2631 487 2699 havesse
510 2631 572 2699 ben
596 2631 779 2714 informato,
803 2632 920 2719 perche
944 2655 962 2698 a
985 2632 1047 2699 Sua
1066 2631 1213 2719 Signoria
1228 2631 1319 2699 Rma.
1344 2629 1418 2698 dissi
1442 2629 1470 2697 le
1494 2629 1671 2697 medesime

297 2738 431 2825 ragioni,
463 2736 580 2805 L’altro
604 2761 684 2827 capo
699 2736 732 2804 su
755 2739 788 2804 111
812 2735 969 2825 disputare
993 2749 1025 2805 et
1046 2735 1232 2818 discorrere‚
1256 2760 1296 2804 an
1321 2737 1379 2803 ista
1393 2735 1566 2824 prohibitio
1584 2748 1670 2803 esset

298 2842 338 2911 de
362 2844 428 2911 iure
451 2843 575 2925 divino,
605 2867 646 2910 an
668 2844 750 2932 Papa
773 2862 882 2932 posset
906 2841 1102 2932 dispensare,
1132 2854 1163 2910 et
1186 2841 1261 2910 dato
1285 2841 1372 2931 quod
1395 2843 1510 2931 possit,
1539 2866 1579 2909 an
1604 2841 1668 2909 dis·

300 2951 445 3037 pensatio
469 2948 562 3017 suerit
584 2948 684 3018 valida
708 2961 739 3017 et
761 2948 855 3016 bona.
880 2949 918 3016 Et
941 2950 973 3016 in
998 2949 1107 3016 effetto
1123 2949 1155 3016 S.
1172 2949 1218 3016 M.
1242 2947 1281 3016 ha
1304 2960 1393 3016 tanto
1411 2946 1671 3036 diligentemente

301 3054 434 3122 studiata
461 3067 571 3144 questa
599 3056 743 3137 materia,
773 3055 857 3122 ch'io
881 3054 978 3123 credo
1007 3057 1039 3122 in
1063 3067 1177 3145 questo
1206 3077 1279 3122 caso
1308 3078 1349 3122 ne
1379 3056 1466 3143 sappi
1495 3057 1548 3144 piu
1576 3055 1671 3122 ch'un

300 3183 378 3247 gran
397 3161 552 3249 theologo
577 3172 608 3229 et
631 3162 774 3244 iurista«,
808 3179 839 3228 et
862 3160 997 3229 breviter
1020 3160 1230 3229 risolvendosi
1254 3162 1368 3249 apertis
1384 3159 1487 3228 verbis
1510 3162 1553 3227 mi
1578 3159 1671 3241 disse,

304 3267 382 3334 »che
405 3291 472 3335 non
491 3267 582 3336 volea
605 3267 684 3335 altro
709 3290 829 3349 mezzo,
853 3267 912 3334 che
936 3266 1016 3335 ch'el
1039 3269 1065 3333 si
1081 3266 1279 3349 dichiarasse,
1303 3290 1342 3333 an
1367 3268 1607 3334 matrimonium
1631 3266 1670 3333 sit

301 3373 437 3442 validum
461 3374 512 3443 vel
534 3397 612 3455 non,
636 3372 904 3462 presupponendo
928 3372 971 3441 lui
994 3396 1120 3461 sempre
1142 3373 1171 3439 11
1194 3371 1370 3455 invaliditd3
1394 3391 1424 3439 et
1449 3371 1545 3440 credo
1569 3373 1595 3440 si
1617 3395 1672 3438 an·

302 3480 391 3568 gelus
414 3479 454 3548 de
477 3480 574 3548 coelis
598 3477 819 3562 descenderet,
843 3503 910 3546 non
934 3490 1043 3567 posset
1067 3480 1096 3547 ei
1119 3479 1208 3546 aliter
1230 3476 1451 3568 persuadere«.
1497 3479 1671 3546 lntrassino

301 3588 355 3675 poi
379 3588 411 3654 in
428 3589 671 3675 ragionamento
696 3585 727 3653 di
753 3584 961 3674 »persuadere
984 3584 1042 3652 alla
1056 3586 1176 3673 regina,
1200 3585 1258 3653 che
1274 3586 1300 3651 si
1324 3596 1526 3652 contentasse
1550 3584 1672 3673 ingredi

301 3692 435 3783 aliquam
459 3693 648 3781 religionem
672 3691 887 3780 approbatam.
933 3692 971 3759 Et
994 3705 1103 3780 questa
1119 3692 1169 3759 via
1192 3702 1442 3759 extremamente
1464 3690 1507 3779 gh
1530 3692 1672 3780 piacqoe,

301 3797 430 3888 allaqual
445 3810 533 3867 certo
556 3797 599 3885 gli
623 3820 706 3865 sono
729 3796 923 3886 amplissime
938 3799 1073 3886 ragioni,
1097 3808 1130 3864 et
1151 3797 1197 3864 fra
1212 3797 1320 3879 l'altre‚
1345 3796 1403 3864 che
1427 3795 1454 3863 la
1472 3797 1582 3884 regina
1605 3819 1672 3863 non

300 3902 398 3991 perde
421 3927 455 3971 se
478 3928 545 3971 non
569 3904 649 3970 l'uso
674 3902 753 3971 della
776 3926 912 3992 persona
935 3903 986 3971 del
1008 3927 1058 3987 re,
1086 3903 1176 3993 quale
1199 3903 1239 3971 ha
1262 3926 1356 3991 perso
1379 3904 1433 3991 piu
1456 3902 1487 3971 di
1510 3900 1565 3969 dui
1587 3903 1672 3985 anni,

300 4014 342 4077 ne
367 4014 384 4077 e
406 4033 462 4099 per
485 4009 660 4077 rihaverlo«
686 4008 980 4100 quomodocunque
1003 4033 1052 4078 res
1076 4008 1174 4079 cadat.
1220 4011 1257 4077 In
1279 4009 1406 4099 reliquis
1432 4008 1483 4075 ›>S.
1508 4009 1553 4076 Μ.
1576 4008 1671 4077 vuole

300 4115 425 4183 lassarle
447 4126 531 4184 tutto
547 4115 652 4206 quello
669 4120 777 4205 saperl
793 4115 998 4201 domandare,
1023 4128 1054 4185 et
1069 4129 1142 4186 ante
1158 4119 1268 4185 omnia
1283 4116 1409 4184 firmare
1426 4116 1455 4183 la
1469 4118 1672 4184 successione

301 4221 381 4290 nella
404 4220 488 4311 figlia
511 4223 544 4289 in
567 4235 733 4306 eventum,
762 4222 820 4290 che
843 4246 911 4290 non
935 4221 1026 4291 habbi
1049 4224 1169 4292 maschi
1193 4248 1231 4291 ex
1254 4223 1315 4291 alio
1339 4224 1556 4307 matrimoni0,
1586 4235 1617 4291 et
1639 4224 1672 4290 in

300 4340 414 4417 questo
430 4329 456 4394 si
472 4327 632 4411 concluse,
647 4329 706 4396 che
722 4331 754 4396 io
771 4352 833 4396 con
849 4329 1049 4398 Eboracense
1065 4330 1085 4396 il
1100 4350 1254 4419 seguente
1270 4329 1301 4397 dl
1317 4329 1443 4419 parlassi
1459 4331 1517 4398 alla
1532 4331 1671 4418 regina«.

406 4434 444 4501 Et
465 4438 531 4502 cosi
554 4434 683 4502 sabbato
707 4435 756 4501 alli
775 4435 886 4501 XXIV
909 4458 987 4523 pure
1011 4437 1043 4502 in
1063 4460 1143 4504 nave
1165 4436 1270 4504 levato
1294 4436 1333 4504 da
1355 4455 1468 4526 questo
1496 4438 1603 4518 Rm0.,
1626 4436 1673 4501 in-

300 4541 400 4608 sieme
423 4539 595 4608 andammo
619 4565 675 4630 per
697 4553 811 4631 questo
835 4539 954 4624 effetto,
980 4565 1032 4608 ma
1054 4543 1155 4631 prima
1177 4542 1302 4610 fummo
1326 4541 1357 4610 di
1381 4566 1490 4610 nuovo
1514 4566 1532 4609 1
1554 4541 1672 4631 parlare

301 4668 363 4713 con
387 4645 407 4711 il
430 4669 464 4714 re
491 4648 546 4713 noi
570 4647 640 4714 soli.
685 4646 710 4714 Il
733 4646 803 4736 qual
827 4648 916 4716 volse
942 4647 1057 4716 »veder
1079 4648 1109 4715 la
1131 4647 1214 4715 bolla
1237 4646 1317 4716 della
1339 4650 1570 4716 commissione
1594 4646 1674 4714 della

301 4774 407 4834 causa,
435 4752 525 4842 quale
552 4751 595 4841 gli
618 4753 707 4837 lessi,
740 4754 796 4840 poi
819 4756 863 4821 mi
891 4754 1043 4822 dimandh
1068 4753 1100 4822 di
1122 4753 1238 4822 vedere
1265 4754 1363 4823 l'altra
1386 4754 1477 4822 dela
1507 4753 1672 4837 decretale,

302 4876 332 4924 et
356 4861 422 4924 cosl
445 4857 473 4924 la
497 4859 627 4926 mostrai
651 4877 683 4926 et
705 4858 786 4941 lessi,
811 4870 843 4927 et
865 4883 991 4948 sempre
1016 4864 1134 4928 estate
1158 4872 1190 4928 et
1213 4864 1231 4926 e
1253 4862 1286 4927 in
1310 4883 1408 4927 mano
1431 4862 1509 4942 mia,
1540 4862 1582 4927 ne
1605 4858 1674 4927 altri

300 4961 361 5029 l’ha
386 4961 501 5030 veduta
524 4963 645 5047 oletta,
669 4965 728 5032 che
752 4964 783 5031 S.
800 4965 845 5032 M.
871 4979 901 5033 et
924 4966 955 5033 S.
976 4966 1007 5033 S.
1025 4968 1132 5048 Rma.;
1162 4976 1193 5033 et
1216 4966 1236 5032 il
1260 4966 1354 5034 Rm0.
1378 4965 1576 5033 Eboracense
1599 4965 1674 5033 letta
