3844 5582
293 275 355 340 114
1505 287 1565 361 Juni
1587 306 1662 361 ¹529·

290 445 486 537 loquendum
503 446 523 513 il
540 446 634 515 Rmo.
652 445 850 515 Eboracense
874 448 918 514 mi
937 445 1038 516 disse:
1064 447 1205 530 Quando
1222 447 1302 517 Galli
1327 446 1415 516 aliter
1430 446 1579 532 facerent,
1603 471 1664 516 nos

290 554 371 623 bene
400 553 552 623 habemus
582 553 715 622 modurn
744 553 946 641 providendi,
975 554 1034 621 che
1064 578 1121 644 per
1150 578 1320 643 comporre
1349 578 1411 623 con
1435 558 1491 623 noi
1519 578 1602 623 sono
1631 557 1662 623 in

289 660 421 729 fiandra
443 660 464 727 li
488 658 626 727 mandati
650 658 777 748 ampliu.
823 661 853 726 A
876 674 986 749 questa
1008 659 1175 742 dilatione,
1203 661 1262 728 che
1285 660 1356 727 loro
1379 683 1570 748 procurano‚
1594 684 1664 750 pre

288 767 433 836 tendono
458 767 552 834 etiam
577 778 686 854 questa
709 788 811 847 causa,
836 764 895 833 che
918 788 973 853 par
992 765 1074 847 loro,
1099 766 1157 834 che
1181 770 1247 833 cosi
1271 768 1297 833 si
1321 765 1474 854 impedita
1497 766 1524 834 la
1547 779 1664 835 venuta

290 873 319 941 di
345 873 461 940 Cesare
485 872 517 937 in
541 869 641 951 ltalia,
664 882 697 938 et
719 894 786 937 non
810 870 947 938 obstanti
970 870 999 939 le
1022 872 1198 959 provisioni
1227 873 1286 939 che
1313 874 1340 940 si
1364 871 1504 954 vedon0,
1533 871 1662 955 dicon0,

289 979 347 1046 che
377 1000 442 1045 non
472 977 511 1044 ha
538 975 646 1044 denari
676 989 707 1044 et
730 1000 796 1043 non
826 978 890 1065 pub
921 1000 1045 1065 passure
1073 1001 1166 1045 senza
1193 980 1295 1068 questi
1325 977 1355 1046 di
1379 978 1524 1061 Francia,
1552 992 1584 1046 et
1606 1002 1663 1067 per

288 1097 401 1174 questo
432 1106 566 1172 procura
594 1082 623 1149 13
646 1105 737 1171 pace,
766 1082 804 1150 ad
835 1082 945 1151 effetto
975 1085 1086 1165 etiam,
1114 1084 1173 1153 che
1201 1083 1310 1152 l’arrne
1339 1083 1389 1151 del
1414 1085 1663 1152 Cristianissimo

289 1192 413 1259 cessino
437 1192 468 1257 in
493 1189 588 1272 Italia,
612 1190 728 1278 perche
752 1213 818 1257 uno
842 1189 882 1258 de
904 1189 925 1256 li
949 1189 1074 1279 capituli
1099 1193 1249 1258 contiene
1273 1203 1397 1280 questo.

396 1296 492 1364 »Non
520 1319 558 1362 so
586 1294 652 1363 dire
681 1295 771 1378 altr0,
802 1294 889 1363 salvo
918 1297 978 1364 che
1006 1297 1038 1364 io
1062 1319 1174 1385 prego‚
1198 1298 1238 1364 V.
1262 1296 1294 1364 S.
1319 1294 1477 1364 consideri
1504 1295 1600 1379 bene,
1630 1298 1662 1364 in

288 1403 346 1471 che
370 1401 522 1490 travaglio
546 1403 591 1468 mi
615 1413 721 1483 trovo‚
751 1415 782 1470 et
806 1402 865 1470 che
894 1425 961 1469 non
985 1401 1071 1470 basta
1094 1401 1175 1471 dire:
1205 1401 1244 1470 da
1267 1402 1296 1469 la
1322 1403 1480 1470 sententia
1508 1416 1618 1470 contra
1641 1401 1662 1468 il

287 1532 338 1591 re;
372 1521 403 1576 et
425 1531 480 1596 per
504 1507 532 1575 13
556 1508 754 1575 contumacia
778 1505 857 1575 della
880 1510 978 1591 reina,
1002 1521 1034 1576 et
1057 1508 1158 1576 modo
1181 1507 1252 1575 loro
1277 1507 1309 1576 di
1332 1507 1506 1596 procedere
1530 1506 1661 1575 faranno

287 1615 308 1682 Il
331 1637 482 1704 processo
506 1616 538 1681 in
563 1613 674 1696 modo,
698 1613 757 1681 che
780 1612 955 1682 secundum
980 1612 1112 1683 deducta
1140 1613 1319 1683 facilmente
1342 1637 1409 1681 non
1434 1615 1460 1681 si
1483 1617 1574 1702 potrl
1597 1612 1662 1681 fare

290 1745 323 1789 se
347 1744 414 1789 non
438 1745 456 1788 3
478 1720 526 1788 lor
551 1718 652 1787 modo
676 1743 733 1808 per
755 1718 847 1788 molti
871 1722 969 1807 capi«

392 1844 542 1928 Londini,
567 1864 618 1930 25.
643 1845 720 1911 iunii
748 1864 842 1929 1529.
1190 1932 1279 2000 [Ε
1348 1932 1376 2000 C
1495 1932 1502 1945 ,

1219 1986 1226 1999 .
1280 1955 1323 1999 ar.
1377 1954 1552 2020 ampegrus.

499 2109 584 2163 Nunz.
603 2108 629 2162 di
653 2108 745 2163 Germ.
764 2109 817 2163 vol.
840 2126 868 2178 53
891 2108 908 2163 f.
930 2124 986 2181 199.
1028 2107 1203 2180 Eingelaufen
1226 2128 1269 2163 am
1296 2124 1337 2163 20.
1361 2109 1420 2180 Juli.
1458 2108 1522 2162 Vler
1545 2106 1661 2160 kleInere

394 2197 494 2251 Stellen
518 2198 544 2251 in
564 2195 773 2251 GeheImschrift
797 2197 856 2252 sind
875 2214 929 2251 von
954 2197 999 2251 der
1018 2196 1096 2251 Hand
1121 2198 1193 2251 eines
1213 2198 1349 2252 Selrretars
1373 2197 1399 2251 in
1418 2198 1489 2251 Rom
1512 2196 1577 2250 uber
1599 2194 1661 2248 dern

395 2285 480 2340 Texte
500 2285 626 2340 oderam
645 2285 770 2339 Schlusse
794 2284 940 2356 ausgelost,
960 2286 1023 2339 aber
1041 2285 1241 2358 unvollstdndIg
1264 2286 1317 2340 und
1336 2302 1473 2357 ungenau,
1499 2286 1600 2339 ebenso
1618 2284 1661 2337 bei

394 2372 520 2441 Theiner,
538 2392 563 2446 p.
582 2375 638 2443 585.
676 2375 727 2428 Die
739 2374 883 2429 Schreiben
903 2374 949 2429 der
962 2373 1118 2446 englischen
1132 2373 1286 2429 Gesandten
1305 2392 1352 2428 aus
1365 2373 1437 2427 Rom
1455 2390 1519 2428 vom
1533 2388 1556 2443 7.
1576 2373 1660 2426 bezw.

393 2461 418 2518 6.
437 2462 509 2533 Juni,
534 2461 576 2516 die
595 2462 628 2517 H.
642 2461 712 2516 VIII.
732 2463 793 2517 dem
813 2462 937 2516 Kardiual
957 2464 1055 2534 zeigte,
1079 2463 1122 2516 bei
1141 2462 1257 2530 Brewer,
1281 2463 1326 2517 IV.
1346 2480 1371 2517 n.
1395 2460 1512 2533 5649l50.
1550 2461 1580 2515 In
1598 2461 1660 2515 dem

393 2550 537 2606 Sclueiben
556 2569 620 2605 vom
643 2549 669 2604 6.
687 2551 748 2622 Juni
766 2550 863 2621 (5650)
881 2552 1034 2606 versichern
1058 2551 1100 2605 die
1119 2551 1287 2619 Gesandten,
1311 2551 1380 2605 allen
1404 2550 1558 2622 moglichen
1581 2547 1660 2603 Fleiss

393 2639 542 2694 vorkehren
560 2657 590 2693 zu
603 2638 711 2706 wollen,
730 2638 788 2693 dass
801 2641 918 2711 etwaIge
931 2639 1121 2694 Schriflstuclre
1135 2657 1181 2693 aus
1194 2639 1266 2694 Rom
1284 2639 1353 2693 nach
1366 2638 1496 2710 England,
1516 2638 1558 2692 die
1569 2654 1660 2709 gegen

392 2728 444 2782 den
463 2727 554 2799 KonIg
572 2728 697 2794 laureten,
717 2727 893 2800 ausgegriffen
906 2728 1032 2795 uurdem
1056 2728 1102 2782 das
1117 2727 1304 2799 Versprechen
1323 2727 1370 2782 des
1389 2727 1508 2798 Papstes,
1527 2743 1581 2781 von
1594 2725 1660 2780 wel·

393 2817 472 2870 chem
490 2816 532 2870 die
552 2815 638 2871 Briese
657 2816 752 2884 reden,
771 2816 874 2870 scheint
893 2816 950 2871 also
970 2817 1070 2870 wieder
1088 2816 1136 2870 auf
1151 2817 1224 2870 einer
1243 2817 1304 2871 sehr
1322 2815 1513 2869 willlurlichen
1533 2815 1660 2885 Deutung

392 2904 439 2958 der
452 2904 547 2959 Worte
566 2903 702 2960 Clemens’
715 2904 774 2960 VII.
794 2923 826 2958 zu
844 2905 970 2959 beruhen.

944 3152 1007 3237 52.

432 3310 669 3398 Campeggio
694 3333 733 3377 an
755 3311 829 3395 Jac.
853 3310 1021 3379 Salviati.
1067 3309 1219 3393 London,
1244 3330 1296 3395 29.
1319 3310 1392 3395 Juni
1420 3328 1513 3394 1529.

279 3452 292 3479 ⁸
394 3470 486 3540 Grosse
499 3469 556 3523 Eile
574 3470 627 3522 uird
646 3468 823 3540 Einser'tr'glreit
841 3471 868 3522 in
881 3470 937 3522 dem
957 3470 1098 3541 englisclren
1112 3467 1358 3539 Prozessversahren.
1396 3468 1449 3521 Die
1462 3465 1595 3539 Hoffnung
1613 3467 1665 3537 aus

291 3559 472 3631 Verschr'ebung
490 3559 536 3611 der
548 3557 881 3627 Friedensverhandlunpen
900 3560 927 3610 r'n
943 3557 1067 3612 Combroi
1084 3558 1178 3611 scheint
1196 3557 1264 3610 nr'cht
1276 3574 1346 3628 gon(
1363 3555 1536 3627 unbegrrindet
1553 3572 1585 3625 au
1597 3557 1659 3609 sein.

287 3648 358 3702 Auch
375 3648 422 3702 der
443 3646 563 3701 Gedanlea
580 3648 623 3699 des
641 3645 749 3718 Papstes,
769 3646 912 3718 personlr'ch
930 3663 964 3699 an
982 3647 1031 3699 den
1048 3646 1262 3717 l'erhondlungen
1280 3645 1469 3714 teilpunehmen,
1491 3646 1522 3697 ist
1541 3646 1569 3697 in
1588 3643 1660 3715 Enp-

285 3736 349 3790 Iand
365 3735 421 3789 sehr
439 3734 586 3799 erwrinscht,
604 3736 664 3787 weil
681 3734 733 3788 sich
750 3736 833 3787 damit
851 3735 897 3787 der
909 3733 1123 3803 Fricdenssrlrluss
1141 3739 1281 3805 perrogern
1300 3733 1398 3803 maistre.
1436 3732 1599 3787 Intercession
1617 3733 1660 3785 des

286 3823 385 3894 Konigs
402 3841 453 3876 oorr
474 3821 629 3875 frandrer'rlr
647 3841 677 3892 (u
695 3821 807 3876 Gunsten
827 3821 963 3875 Heinrichs
980 3822 1049 3875 VIII.
1090 3822 1143 3874 Der
1162 3822 1267 3891 Bischos
1281 3839 1332 3875 oon
1351 3820 1459 3873 london
1478 3821 1530 3874 und
1554 3819 1660 3873 IIromar

285 3911 376 3965 Morus
392 3912 471 3965 sollen
490 3911 528 3964 als
549 3909 675 3964 Gesandte
693 3910 758 3963 narb
779 3910 903 3964 Camlror'
919 3910 1006 3979 gelren.

390 4049 571 4138 Magnifice.
618 4050 678 4118 Per
700 4050 793 4119 lavia
817 4051 847 4119 di
864 4052 991 4119 Francia
1016 4063 1047 4118 et
1070 4052 1125 4139 poi
1148 4074 1204 4140 per
1220 4048 1354 4119 Taddeo
1371 4050 1489 4117 Vostra
1512 4049 1659 4137 Signoria

286 4158 398 4226 havera
422 4158 536 4225 havute
559 4157 623 4224 mie
647 4156 756 4225 lettere
780 4159 812 4225 in
836 4159 971 4245 risposta
993 4155 1074 4225 delle
1097 4180 1153 4224 sue
1177 4155 1208 4224 di
1228 4156 1340 4224 XXIX
1364 4155 1395 4224 di
1419 4156 1549 4242 maggio
1573 4167 1605 4222 et
1627 4152 1659 4221 di

283 4264 326 4331 III
349 4262 399 4332 del
423 4274 570 4352 presente
594 4285 655 4330 con
680 4263 789 4331 adviso
813 4262 843 4331 di
868 4275 987 4353 quanto
1007 4286 1180 4331 occorreva
1204 4276 1235 4330 et
1257 4264 1289 4329 in
1314 4268 1373 4329 che
1395 4261 1532 4329 termine
1555 4283 1608 4328 era
1631 4258 1659 4327 13

284 4392 358 4437 cosa
385 4369 416 4438 di
441 4381 555 4459 questo
579 4369 703 4436 Sermo.
728 4393 779 4451 re,
810 4392 851 4436 ne
874 4368 902 4436 la
925 4367 1015 4458 quale
1044 4370 1071 4435 si
1094 4367 1233 4456 procede
1257 4391 1319 4436 con
1342 4380 1428 4436 tanta
1458 4363 1658 4434 solicitudine

283 4474 394 4545 ch’ella
416 4498 482 4542 non
507 4476 608 4563 potria
632 4498 745 4563 pensar
768 4477 832 4563 piu,
857 4487 888 4542 et
911 4497 1054 4563 pensano
1079 4475 1214 4542 omnino
1238 4473 1283 4542 fra
1307 4474 1371 4541 XX
1398 4473 1504 4560 giorni
1527 4472 1658 4539 venirne

283 4581 310 4649 31
337 4580 412 4650 fine.
458 4581 502 4647 La
524 4581 644 4648 Serma.
670 4583 755 4648 reina
785 4583 839 4669 poi
863 4580 1076 4668 ch'interpose
1100 4578 1129 4646 le
1152 4603 1208 4647 sue
1231 4578 1449 4667 appellationi,
1478 4600 1544 4644 non
1570 4599 1658 4644 com·

281 4711 371 4777 parse
395 4689 459 4776 pid,
483 4700 514 4754 et
537 4688 615 4776 perd
640 4686 746 4755 hanno
771 4686 791 4753 il
815 4709 929 4775 campo
953 4685 1040 4774 largo
1065 4699 1096 4754 et
1118 4685 1266 4774 expedito
1295 4684 1334 4752 da
1357 4683 1421 4751 fare
1445 4708 1463 4751 3
1486 4683 1534 4752 lor
1557 4682 1657 4751 modo

283 4807 314 4862 et
342 4792 532 4862 concludere
560 4792 580 4859 il
609 4816 760 4881 processo
785 4816 847 4861 con
875 4794 947 4860 tutti
975 4791 1069 4882 quelli
1098 4793 1212 4874 mezzi,
1246 4792 1304 4860 che
1332 4812 1472 4880 possano
1500 4803 1607 4878 portat
1630 4787 1658 4855 la

283 4923 357 4971 cosa
381 4922 398 4966 3
420 4898 470 4966 lor
495 4898 611 4966 favore.
