3820 5592
219 369 284 437 1528
303 367 385 439 april.
1545 355 1586 417 25

217 550 282 595 non
306 544 372 595 erat
395 525 570 615 privatione
594 523 743 613 dignum,
771 549 811 593 an
834 525 925 594 faciat
949 527 1069 594 crimen
1093 527 1269 616 privatione
1293 525 1442 615 dignum,
1470 526 1512 594 ita
1535 524 1588 593 ubi

215 632 356 701 rescribit
384 643 495 701 contra
523 632 587 713 ius,
619 630 691 699 licet
718 632 801 720 Papa
834 651 998 700 censeatur
1029 631 1144 699 habere
1177 632 1286 699 omnia
1313 633 1380 700 iura
1408 634 1441 699 in
1471 631 1588 699 scrinio

216 741 367 829 pectoris,
395 750 504 806 tamen
531 749 693 828 tamquam
717 738 819 806 homo
848 762 887 806 ex
912 736 1074 806 oblivione
1096 737 1220 808 videtur
1247 738 1368 806 fecisse.
1414 739 1453 807 Et
1475 737 1548 806 licet
1571 760 1588 803 a

215 847 370 915 sententia
392 845 494 933 Papae
518 867 584 911 non
609 844 791 933 appelletur,
815 856 922 912 tamen
946 843 1052 912 haberi
1076 867 1238 913 recursum
1262 844 1300 912 ab
1323 846 1393 932 ipso
1417 843 1456 912 ad
1475 842 1588 912 melius

215 950 462 1020 informandum.

319 1075 473 1143 Dicebam
504 1076 615 1156 etiam,
646 1072 733 1163 quod
763 1074 920 1143 sententia
950 1076 991 1141 in·
1014 1098 1105 1142 causa
1136 1074 1376 1157 matrimoniali,
1407 1075 1501 1142 etiam
1532 1096 1589 1161 per

215 1182 420 1251 Sanctitatem
436 1182 600 1263 Vestram,
630 1204 793 1269 nunquam
820 1182 931 1249 transit
959 1182 991 1247 in
1020 1203 1089 1248 rem
1113 1180 1297 1264 iudicatam,
1325 1182 1386 1249 nisi
1408 1179 1513 1272 quoad
1537 1203 1589 1248 ex·

214 1311 338 1376 pensas,
362 1300 393 1355 et
415 1299 521 1376 potest
544 1310 671 1375 semper
693 1289 862 1369 retractari,
887 1299 918 1355 et
941 1286 1028 1377 quod
1049 1285 1180 1354 ecclesia
1203 1286 1341 1353 militans
1364 1309 1431 1353 non
1455 1286 1588 1355 attendit

215 1395 246 1461 in
271 1394 483 1462 matrimoniis
506 1394 676 1461 contractis
700 1394 758 1459 uisi
783 1392 830 1475 id,
859 1393 945 1484 quod
974 1393 1032 1461 sibi
1055 1403 1179 1460 constat
1187 1419 1196 1476 ;
1231 1403 1262 1460 et
1285 1390 1358 1460 ideo
1382 1392 1454 1460 licet
1483 1393 1589 1460 matri·

215 1501 360 1567 monium
386 1501 520 1581 nonsit,
543 1500 603 1566 nisi
626 1500 814 1568 interveniat
837 1521 934 1587 purus
953 1523 1140 1581 consensus,
1163 1523 1230 1566 non
1256 1497 1392 1567 creditur
1415 1522 1474 1566 nec
1490 1510 1589 1567 statur

215 1605 342 1687 dicenti,
366 1629 400 1672 se
424 1628 492 1672 non
516 1606 727 1689 consensisse,
751 1630 807 1673 seu
831 1606 918 1696 quod
941 1618 1132 1695 protestatus
1155 1605 1265 1687 fuerat,
1291 1604 1376 1673 nolle
1400 1605 1588 1674 contrahere

215 1713 465 1794 matrimonium,
489 1710 575 1801 quod
591 1723 702 1800 postea
725 1734 870 1800 pereum
894 1711 952 1781 fuit
968 1731 1177 1793 contractum,
1201 1723 1367 1800 cumpost
1387 1713 1589 1800 protestatio·

214 1842 289 1886 nem
314 1817 533 1885 contrahendo
561 1819 694 1905 gesserit
717 1829 822 1886 actum
854 1819 1047 1887 contrarium
1075 1819 1308 1907 protestationi.
1354 1819 1392 1885 Et
1411 1829 1588 1907 propterea,

214 1924 300 2014 quod
324 1925 425 2013 magis
448 1935 532 1992 esset
556 1924 737 1992 consultum
765 1926 842 2013 regi,
866 1923 953 2015 quod
977 1948 1069 1993 causa
1091 1925 1344 1993 committeretur
1368 1924 1524 2014 episcopis
1547 1923 1589 1991 ibi

215 2031 246 2097 in
269 2029 407 2120 partibus
437 2032 531 2099 etiam
555 2032 623 2098 sine
652 2032 804 2098 missione
835 2030 945 2119 legati,
974 2054 1083 2099 coram
1111 2030 1224 2120 quibus
1248 2042 1330 2098 esset
1354 2029 1587 2099 discutiendum

215 2135 254 2205 de
282 2137 413 2205 veritate
444 2135 597 2204 dictatum
629 2159 792 2205 causarum
824 2148 856 2205 et
887 2160 928 2203 an
958 2138 1022 2205 sint
1050 2136 1142 2219 tales,
1175 2160 1255 2226 quae
1286 2135 1325 2204 de
1356 2137 1423 2204 iure
1454 2134 1589 2204 reddant

214 2241 329 2311 litteras
354 2241 598 2332 dispensationis
621 2242 817 2332 subreptitias
841 2254 872 2310 et
896 2242 1056 2311 invalidas.
1096 2243 1134 2311 Et
1155 2266 1193 2309 ex
1216 2265 1281 2332 quo
1305 2263 1352 2310 est
1377 2242 1478 2310 editus
1501 2240 1589 2325 liber,

214 2349 247 2415 in
275 2371 339 2438 quo
369 2347 567 2417 adducuntur
596 2351 797 2417 auctoritates
827 2348 1055 2437 theologorum
1087 2360 1119 2417 et
1148 2350 1222 2415 iuris
1253 2372 1288 2415 ac
1319 2371 1478 2416 canonum
1509 2349 1589 2438 peri·

214 2466 336 2537 torum,
364 2456 418 2545 qui
447 2466 573 2536 tenent,
602 2477 709 2523 causas
741 2456 822 2544 ipsas
851 2479 921 2523 esse
951 2454 1143 2523 sufficientes
1174 2452 1213 2522 ad
1243 2453 1442 2522 reddendum
1473 2454 1589 2522 litteras

215 2560 458 2650 dispensationis
486 2562 679 2649 surreptitias
703 2574 734 2630 et
758 2555 868 2644 nullas,
896 2573 1048 2650 poterunt
1070 2560 1161 2629 ferre‘
1180 2561 1387 2642 sententiam,
1418 2583 1477 2649 pro
1501 2561 1589 2628 cuius

215 2668 335 2735 maiore
369 2665 485 2734 robore
516 2668 632 2755 poterit
661 2690 716 2756 per
744 2667 948 2735 Sanctitatem
973 2668 1121 2735 Vestram
1152 2667 1317 2757 approbari
1347 2680 1378 2736 et
1407 2664 1589 2735 confirmari

219 2796 290 2840 cum
314 2773 515 2862 suppletione
540 2771 721 2841 defectuum
744 2785 809 2842 tam
834 2774 908 2840 iuris
924 2797 1018 2864 quam
1043 2773 1126 2854 facti,
1149 2776 1202 2863 qui
1226 2775 1258 2842 in
1275 2798 1311 2842 ea
1335 2786 1366 2841 et
1390 2775 1421 2840 in
1445 2773 1588 2860 ipsomm

219 2877 357 2947 iudicum
384 2903 536 2969 processu
558 2881 817 2962 intervenissent,
847 2891 878 2948 et
901 2879 985 2948 illam
1014 2879 1204 2949 confirmare
1233 2905 1271 2948 ex
1295 2893 1378 2949 certa
1404 2879 1536 2947 scientia
1559 2890 1590 2946 et

219 2984 258 3053 de
280 2984 476 3074 plenitudine
499 2987 691 3074 potestatis.¹

323 3110 392 3178 Nec
409 3108 457 3177 his
473 3112 708 3201 acquieverunt,
727 3109 924 3199 replicantes,
948 3108 1036 3200 quod
1051 3110 1160 3200 populi
1175 3109 1218 3177 illi
1234 3122 1265 3178 et
1282 3123 1390 3192 status,
1409 3121 1474 3177 tam
1492 3109 1590 3177 eccle-

220 3216 360 3284 siasticus
376 3239 469 3306 quam
494 3214 648 3284 nobilium
666 3234 696 3284 et
713 3215 899 3306 plebeorum
916 3215 1039 3300 viderit,
1062 3214 1150 3306 quod
1174 3217 1328 3285 Sanctitas
1342 3217 1456 3284 Vestra
1477 3238 1590 3303 appro-

220 3320 351 3404 baverit,
380 3321 478 3389 dictas
505 3345 613 3389 causas
642 3324 674 3389 in
703 3321 812 3390 litteris
840 3320 1084 3411 dispensationis
1112 3345 1274 3411 expressas
1302 3321 1342 3391 de
1364 3323 1431 3389 iure
1459 3320 1591 3389 reddere

221 3426 335 3495 litteras
358 3427 551 3517 surreptitias
580 3439 613 3496 et
640 3427 754 3510 nullas,
784 3440 814 3496 et
842 3426 962 3495 iudices
990 3428 1101 3518 quibus
1129 3451 1186 3517 per
1213 3427 1419 3496 Sanctitatem
1443 3428 1591 3495 Vestram

221 3530 311 3601 fuerit
326 3534 499 3601 commissa
521 3532 588 3601 sola
611 3534 772 3623 inquisitio
796 3534 934 3602 veritatis
958 3533 1110 3602 dictarum
1131 3557 1305 3617 causarum,
1329 3534 1503 3623 repererint
1525 3531 1591 3600 illas

222 3661 288 3707 esse
311 3662 415 3721 veras,
444 3638 603 3707 declarent
630 3639 748 3708 litteras
775 3641 967 3729 surreptitias
996 3652 1027 3708 et
1050 3642 1290 3709 matrimonium
1316 3639 1436 3708 nullum
1460 3650 1491 3707 et
1515 3662 1591 3706 con·

222 3743 332 3813 cedant
362 3745 521 3813 licentiam
553 3747 620 3834 regi
643 3747 675 3813 in
699 3747 845 3814 Domino
874 3745 1015 3815 nubendi
1043 3770 1116 3814 cum
1146 3770 1333 3837 quacunque
1363 3745 1420 3813 alia
1448 3744 1591 3826 muliere,

222 3849 307 3918 nullo
323 3849 512 3921 subsistente
536 3853 692 3920 canonico
710 3851 989 3942 (impedimento),
1013 3850 1190 3921 nuntiando
1206 3851 1329 3939 prolem
1354 3874 1392 3918 ex
1409 3848 1592 3918 huiusmodi

222 3956 440 4026 contrahendo
463 3959 670 4026 matrimonio
686 3957 918 4048 suscipiendam
938 3958 1123 4047 legitimam,
1146 3956 1216 4025 fore
1231 3956 1350 4039 dicunt,
1373 3954 1461 4046 quod
1477 3979 1592 4024 omnes

223 4074 318 4131 status
341 4063 422 4132 illius
444 4066 534 4152 regni
557 4068 625 4131 non
642 4063 803 4148 curabunt,
826 4076 938 4154 postea
960 4066 986 4131 si
1010 4065 1204 4132 contrarium
1220 4063 1331 4151 vigore
1354 4062 1592 4129 commissionis

222 4169 398 4238 Sanctitatis
414 4171 547 4239 Vestrae
564 4170 781 4254 declararetur,
805 4194 865 4239 nec
882 4173 988 4253 etiam,
1011 4172 1037 4238 si
1053 4192 1252 4238 successores
1268 4168 1447 4237 Sanctitatis
1458 4169 1592 4236 Vestrae

224 4274 424 4360 declararent,
447 4275 479 4344 id
501 4276 589 4367 quod
611 4277 765 4345 Sanctitas
781 4278 895 4346 Vestra
917 4279 992 4345 iuris
1010 4301 1078 4346 esse
1099 4277 1242 4346 statuerit
1264 4298 1358 4364 super
1378 4274 1469 4342 dictis
1492 4275 1592 4342 causis

223 4382 255 4449 in
276 4382 386 4451 litteris
414 4382 658 4472 dispensationis
685 4385 855 4472 expressis,
879 4383 1024 4452 videlicet
1047 4383 1133 4475 quod
1158 4382 1197 4451 de
1220 4384 1287 4451 iure
1314 4383 1377 4448 sint
1399 4379 1592 4448 sufficientes

224 4487 262 4555 ad
283 4487 480 4556 reddendum
509 4488 625 4557 litteras
652 4490 734 4578 ipsas
762 4491 954 4579 surreptitias
979 4502 1011 4557 et
1034 4488 1148 4571 nullas,
1177 4513 1216 4556 ex
1238 4511 1302 4577 quo
1330 4487 1481 4576 sequitur,
1505 4483 1592 4575 quod

224 4595 473 4678 matrimonium,
496 4594 617 4662 illarum
641 4596 752 4683 vigore
776 4607 974 4663 contractum
998 4593 1089 4663 suerit
1113 4614 1144 4662 et
1168 4613 1215 4662 est
1241 4592 1373 4661 nullum.
1420 4592 1458 4659 Et
1482 4614 1519 4658 ex
1543 4590 1591 4657 his

226 4701 376 4771 Sanctitas
392 4703 506 4770 Vestra
528 4701 697 4790 intelliget,
727 4725 822 4793 quare
852 4700 1018 4770 firmarunt
1046 4699 1159 4789 pedes,
1182 4698 1263 4770 velle
1286 4699 1422 4766 omnino
1446 4695 1590 4764 obtinere

226 4829 243 4872 a
268 4807 437 4876 Sanctitate
461 4808 589 4891 Vestra,
618 4806 705 4898 quod
735 4810 802 4897 ipsa
830 4806 984 4897 approbet
1013 4829 1120 4875 causas
1149 4808 1182 4873 in
1210 4805 1319 4874 litteris
1347 4800 1591 4890 dispensationis

226 4936 434 4945 ——-—-—

331 5012 339 5041 ¹
357 5002 421 5058 Man
436 5001 519 5074 vergl.
539 5003 627 5056 hierzu
646 5003 734 5057 meine
753 5019 870 5057 neueten
884 5000 1090 5071 tusfuhrungen
1109 5001 1145 5053 im
1165 4999 1261 5052 Histor.
1273 4995 1362 5068 jahrb.
1379 4995 1445 5067 1892
1464 4996 1489 5049 S.
1504 4993 1557 5061 486
1572 4994 1589 5049 s.
