3820 5592
315 310 419 380 XLIV
1528 332 1688 405 Einleirung.

315 489 538 579 supplicatum,
567 508 602 556 ut
623 488 680 557 tibi
707 486 887 555 facultatem
911 487 1177 572 concederemus,
1206 515 1223 557 a
1246 492 1426 579 praemissis
1449 493 1532 560 votis
1562 506 1593 560 et
1615 517 1689 583 pro-

314 596 436 685 positis,
465 618 544 686 quae
567 593 658 665 saluti
686 593 786 662 dictae
814 607 887 662 tuae
909 596 1018 662 uxoris
1047 608 1078 663 et
1101 608 1223 664 vestrae
1252 596 1382 665 maritali
1406 599 1630 667 consuetudini
1653 623 1689 667 ac

314 701 453 769 filiorum
480 702 708 790 procreationi,
736 699 912 768 secundum
941 699 1071 768 consilia
1099 702 1299 770 medicorum
1329 715 1360 771 et
1388 706 1505 792 patriae
1534 729 1570 772 ac
1600 729 1689 773 com-

314 808 470 897 plexionis
499 830 573 875 suae
601 806 782 897 qualitatem
811 807 936 876 obstare
963 807 1121 891 videntur,
1153 809 1236 876 illam
1264 810 1424 877 retrahere
1452 834 1487 877 ac
1516 835 1552 879 ea
1580 814 1689 879 omnia

314 916 500 983 auctoritate
524 932 633 980 nostra
655 912 826 1002 infringere
850 936 971 1001 posses.
1017 915 1090 981 Nos
1113 916 1207 1002 igitur
1229 915 1440 998 attendentes,
1465 916 1551 1006 quod
1570 919 1617 984 vir
1641 933 1688 986 est

314 1032 407 1110 caput
429 1021 537 1087 uxoris
561 1032 593 1086 et
615 1018 701 1109 quod
725 1019 807 1088 inter
829 1021 997 1108 praecipua
1018 1020 1102 1087 bona
1126 1023 1322 1089 matrimonii
1343 1035 1590 1091 connumeratur
1614 1023 1689 1091 edu·

314 1129 397 1195 catio
412 1126 521 1216 prolis,
541 1125 724 1193 huiusmodi
739 1126 1020 1215 supplicationibus
1036 1126 1185 1211 inclinati,
1202 1128 1257 1196 tibi
1273 1128 1464 1217 praedictam
1483 1129 1687 1197 Catberinam

314 1235 486 1321 coniugem
511 1244 609 1315 tuam,
633 1256 673 1299 ne
695 1244 774 1300 vota
795 1243 826 1300 et
848 1234 1011 1321 proposita
1035 1235 1228 1317 orationum,
1253 1236 1458 1318 ieiuniorum,
1481 1235 1687 1305 abstinentiae

314 1352 367 1408 aut
390 1339 654 1428 peregrinationis
681 1358 734 1406 aut
758 1362 797 1406 ex
820 1362 1007 1428 quacunque
1031 1338 1088 1407 alia
1111 1364 1203 1408 causa
1225 1363 1282 1429 per
1305 1364 1375 1409 eam
1406 1343 1520 1410 emissa
1543 1366 1688 1432 procrea-

314 1448 395 1514 tioni
422 1446 595 1513 liberorum
622 1458 657 1513 ut
683 1444 857 1534 praefertur
886 1446 1043 1513 obstantia
1070 1445 1186 1536 absque
1209 1460 1263 1516 tua
1291 1449 1503 1535 permissione
1531 1447 1687 1530 observet,

313 1551 494 1620 retrahendi
526 1563 557 1619 et
580 1549 733 1639 cogendi,
764 1563 796 1619 et
825 1550 946 1633 eidem,
977 1576 1018 1619 ne
1041 1551 1081 1619 de
1112 1565 1219 1621 cetero
1248 1553 1319 1621 talia
1341 1574 1419 1622 vota
1445 1554 1495 1623 vel
1525 1556 1688 1643 proposita

315 1660 452 1741 emittat,
476 1656 650 1740 inhibendi,
673 1669 704 1725 et
726 1658 752 1725 si
776 1670 887 1725 contra
910 1658 1133 1726 inhibitionem
1157 1672 1244 1727 tuam
1272 1659 1323 1727 illa
1346 1662 1496 1742 emiserit,
1520 1659 1558 1726 ab
1581 1660 1688 1727 obser-

313 1767 442 1834 vatione
471 1787 584 1832 eorum
613 1762 747 1832 eandem
776 1764 971 1853 impediendi
999 1763 1193 1856 [facultatem
1221 1765 1458 1858 concedimus],
1486 1778 1539 1834 aut
1565 1764 1627 1857 [ut]
1654 1768 1687 1833 in

313 1871 499 1960 praeteritis,
527 1872 554 1936 si
577 1871 678 1958 magis
701 1870 866 1958 placuerit,
895 1870 945 1937 illa
974 1872 1007 1937 in
1030 1870 1088 1938 alia
1115 1873 1240 1960 pietatis
1263 1895 1360 1961 opera
1387 1873 1471 1940 iuxta
1495 1872 1687 1940 confessoris

314 1977 433 2066 proprii
453 1975 584 2043 consilia
607 1977 797 2045 commutari
814 1977 988 2065 apostolica
1010 1980 1195 2046 auctoritate
1219 1980 1344 2067 possint
1367 1991 1399 2047 et
1425 1978 1570 2047 debeant.
1609 1980 1686 2047 Non

314 2082 510 2151 obstantibus
539 2082 818 2151 constitutionibus
850 2102 881 2150 et
909 2083 1161 2151 ordinationibus
1193 2085 1376 2173 apostolicis
1408 2086 1583 2175 ceterisque
1610 2108 1687 2153 con·

314 2191 414 2257 trariis
438 2188 687 2279 quibuscunque.

419 2331 537 2398 Datum
562 2332 696 2413 Romae,
721 2350 772 2397 20.
797 2331 949 2399 Octobris
979 2352 1069 2418 1505.
1117 2333 1214 2399 Anno
1238 2332 1390 2400 secundo
