3836 5598
272 368 434 441 1530M7arz.
1514 371 1517 377 ’
1577 364 1635 429 141

208 570 216 589 ·
269 557 344 624 quas
368 556 428 602 nos
452 558 524 602 cum
547 533 753 602 libentissime
768 532 959 622 legissemus·
980 532 1185 626 ipsorumque
1209 548 1371 605 oratorum
1391 537 1485 606 verba
1509 538 1639 627 diligen·

267 642 388 709 tissime
411 641 650 724 audivissemus,
679 664 738 730 pro
763 660 870 708 nostra
895 665 968 729 erga
991 642 1201 710 Serenitatem
1226 642 1330 710 Tuam
1360 663 1490 733 paterna
1512 647 1639 714 caritate

268 771 389 837 proque
412 749 474 815 tuis
490 749 630 815 vicissim
652 748 685 813 in
702 747 783 815 hanc
806 759 947 816 sanctam
964 747 1080 815 Sedent
1105 751 1224 817 meritis
1241 752 1350 817 omnia
1365 749 1423 817 illis
1448 763 1479 819 et
1495 754 1640 820 oratione

269 873 300 921 et
323 877 356 921 re
380 855 602 941 praestitimus,
626 852 738 942 quibus
762 853 984 941 intelligerent,
1009 877 1070 921 nos
1094 856 1171 921 nihil
1194 858 1295 944 magis
1319 880 1443 944 cupere,
1467 880 1561 946 quam
1586 858 1640 925 Se-

269 961 392 1027 renitati
407 959 498 1027 Tuae
523 961 657 1027 honeste
681 979 773 1048 atque
798 984 869 1027 cum
895 961 967 1027 Deo
990 983 1084 1048 posse
1108 959 1282 1048 gratificari.
1329 962 1436 1052 ltaque
1461 987 1533 1039 cum
1549 964 1640 1031 Tuae

269 1066 434 1133 Serenitati
458 1090 530 1133 curn
555 1068 613 1154 ipsi
633 1064 846 1148 commodius,
870 1078 939 1133 turn
963 1066 1000 1134 ad
1019 1090 1152 1134 omnem
1175 1091 1244 1134 rem
1268 1067 1422 1156 publicam
1439 1069 1639 1137 christianam

268 1173 365 1240 tutius
389 1174 666 1255 existimassemus,
690 1187 723 1239 ut
747 1170 786 1238 acl
809 1184 930 1239 certum
955 1185 1081 1261 tempus
1104 1173 1370 1262 supersederetur,
1396 1193 1437 1256 et,
1465 1177 1491 1242 si
1515 1174 1641 1243 difficile

270 1289 345 1361 erat,
368 1278 463 1346 altera
479 1290 566 1367 parte
590 1280 726 1346 instante
749 1292 842 1367 atque
859 1291 1003 1365 urgente,
1029 1293 1062 1346 ut
1078 1279 1313 1367 procederetur,
1337 1292 1444 1348 tamen
1461 1304 1527 1348 non
1548 1280 1641 1349 diffisi

269 1408 422 1466 essemus
446 1408 512 1452 rem
530 1383 645 1452 confici
668 1408 773 1473 posse,
797 1386 823 1451 si
847 1386 904 1473 ipsi
929 1398 1071 1452 oratores
1088 1409 1104 1451 a
1121 1387 1295 1454 Serenitate
1311 1385 1382 1453 Tua
1401 1385 1528 1476 aliquod
1552 1411 1640 1454 man-

270 1489 378 1557 datum
401 1501 453 1557 aut
469 1490 691 1558 authoritatem
717 1489 908 1572 habuissent,
932 1514 996 1580 quo
1014 1492 1296 1579 repromitteretur,
1321 1492 1382 1560 hoc
1406 1504 1476 1560 toto
1492 1505 1639 1581 ternpore

270 1598 514 1685 supersessionis
543 1598 573 1663 in
598 1598 655 1664 hac
680 1621 770 1664 causa
799 1595 876 1663 nihil
899 1598 1087 1665 innovatum
1117 1599 1168 1681 iri;
1202 1610 1422 1666 verumtamen
1450 1621 1523 1667 curn
1552 1599 1584 1666 id
1607 1623 1641 1667 se

270 1703 455 1770 mandatum
484 1702 598 1770 habere
627 1715 812 1791 negassent,
843 1702 900 1770 sed
923 1715 1030 1771 tamen
1054 1705 1164 1770 omnia
1186 1728 1283 1793 aequa
1313 1704 1351 1772 de
1375 1706 1505 1788 iustitia,
1534 1705 1641 1773 obser·

270 1812 373 1877 vantia
389 1809 479 1877 Tuae
495 1809 678 1878 Serenitatis
702 1833 776 1897 erga
792 1810 872 1876 hanc
895 1822 1035 1877 sanctam
1053 1809 1169 1878 Sedem
1189 1808 1246 1877 sibi
1265 1834 1447 1899 proponere
1471 1822 1502 1879 et
1518 1835 1642 1900 sperare

271 1913 495 2003 affirmassent,
524 1928 609 1983 tanta
637 1915 694 1983 fuit
718 1914 879 2002 diligentia
907 1928 1015 1984 nostra
1037 1927 1186 2005 tantaque
1213 1915 1327 1985 fiducia
1353 1918 1512 2005 gravitatis
1537 1929 1568 1986 et
1590 1942 1643 1985 au·

270 2023 427 2090 thoritatis
450 2047 522 2089 curn
547 2034 727 2090 ceterorum
751 2034 914 2089 oratorum
939 2036 1079 2106 tuorum,
1107 2035 1175 2090 turn
1199 2024 1354 2111 imprimis
1378 2023 1483 2091 dilecti
1506 2022 1560 2090 filii
1584 2047 1642 2091 no·

270 2127 338 2195 bilis
361 2130 417 2196 viri
442 2130 569 2196 comitis
593 2128 632 2196 de
650 2129 779 2209 Wilcer‚
804 2142 838 2197 ut
862 2152 974 2196 eorum
990 2130 1092 2197 verbis
1116 2152 1166 2196 res
1186 2129 1390 2218 quadraginta
1413 2130 1552 2219 quinque
1575 2128 1642 2198 dies

270 2234 388 2323 prolata
416 2237 471 2318 sit,
500 2234 587 2324 quod
615 2234 743 2324 quidem
771 2247 897 2323 tempus
925 2237 999 2302 satis
1027 2234 1095 2302 fore
1118 2234 1253 2317 videtur,
1282 2234 1358 2303 dum
1388 2238 1503 2303 certior
1531 2235 1571 2303 de
1595 2237 1643 2303 his

269 2341 340 2408 Tua
357 2341 514 2409 Serenitas
530 2341 619 2424 facta,
644 2340 718 2430 quid
741 2364 835 2430 super
852 2341 909 2409 hac
932 2365 965 2408 re
985 2364 1059 2409 suae
1074 2344 1250 2410 sententiae
1269 2343 1319 2424 sit,
1343 2342 1513 2409 rescribere
1530 2343 1640 2430 possit.

269 2448 340 2516 Nos
364 2449 449 2515 enim
478 2449 505 2514 si
528 2448 786 2529 intellexerimus,
815 2447 997 2515 durantibus
1021 2446 1248 2535 prolationibus
1272 2447 1350 2514 nihil
1377 2448 1409 2514 in
1435 2471 1526 2516 causa
1549 2449 1642 2516 inno·

270 2574 377 2622 vatum
394 2556 440 2637 iri,
457 2578 524 2622 non
542 2553 723 2637 diffidimus,
737 2556 812 2644 quin
828 2553 916 2622 alteri
931 2555 1021 2642 parti,
1034 2553 1152 2621 Carolo
1170 2556 1239 2641 ipso
1255 2577 1322 2620 non
1339 2555 1451 2636 invit0‚
1464 2553 1643 2621 dummodo

271 2660 310 2728 de
334 2660 396 2729 hoc
425 2663 540 2729 certior
568 2660 666 2729 factus
696 2663 750 2743 sit,
781 2659 969 2749 persuadere
991 2662 1166 2747 possimus,
1194 2672 1229 2727 ut
1252 2683 1320 2727 rem
1350 2659 1483 2748 proferri
1511 2662 1645 2748 patiatur

270 2766 412 2857 illiusque
436 2767 579 2835 adhunc
603 2790 670 2835 rem
687 2765 841 2856 obsequio
863 2767 948 2833 usuri
971 2767 1080 2833 simus.
1126 2767 1220 2833 Nunc
1245 2790 1334 2854 ergo,
1358 2767 1417 2834 etsi
1441 2763 1643 2847 confidimus,

271 2874 411 2941 animum
429 2886 575 2942 nostrum
591 2886 758 2963 paternum
774 2895 996 2963 summamque
1020 2895 1093 2960 erga
1109 2891 1141 2940 te
1157 2872 1412 2941 benevolentiam
1437 2884 1468 2940 et
1484 2895 1553 2940 esse
1570 2895 1642 2960 pro-

270 2978 372 3048 batam
398 3000 428 3048 et
452 2979 553 3047 indies
576 2982 677 3067 magis
700 2979 866 3068 probatum
890 2980 937 3059 iri,
961 2991 1068 3047 tamen
1086 2980 1179 3048 etiarn
1204 2998 1297 3068 atque
1322 2980 1414 3047 etiam
1440 2981 1473 3045 in
1496 2978 1642 3045 Domino

271 3086 480 3154 Serenitatem
496 3086 600 3153 Tuam
626 3086 800 3167 hortamur,
825 3097 859 3152 ut
881 3085 1044 3152 suasiones
1068 3097 1192 3154 nostras
1214 3086 1507 3173 amantissimasque
1531 3083 1644 3152 adhor-

272 3194 408 3260 tationes
431 3191 598 3281 diligenter
621 3190 822 3260 considerare
845 3191 935 3273 velit,
959 3214 1035 3280 quas
1059 3216 1131 3259 cum
1156 3191 1322 3279 singularis
1346 3192 1479 3259 caritatis
1502 3189 1644 3278 plenissi-

272 3323 339 3367 mas
354 3299 519 3388 intelliget,
542 3308 610 3366 tum
628 3300 809 3387 prospiciet,
833 3296 871 3364 ad
889 3297 1078 3385 religionem
1102 3296 1355 3385 amplificandam
1373 3319 1644 3386 communemque

273 3406 516 3473 christianorum
548 3404 802 3493 tranquillitatem
835 3402 987 3471 tuendam
1020 3405 1158 3470 maxime
1190 3405 1357 3492 pertinere.
1409 3402 1502 3483 Quae
1535 3403 1645 3469 omnia

273 3536 345 3579 cum
369 3513 546 3601 principum
571 3509 743 3578 concordia
767 3534 806 3577 ex
829 3532 945 3597 magna
974 3528 1073 3597 parte*
1086 3510 1319 3590 contineantur,
1349 3508 1486 3574 maxime
1509 3505 1645 3575 disiunc-

273 3619 361 3685 tione
384 3630 438 3685 tua
460 3617 498 3684 ab
521 3619 590 3706 ipso
614 3618 733 3685 Carolo
757 3615 932 3683 labefactari
956 3639 1087 3683 necesse
1112 3626 1159 3683 est
1167 3642 1176 3698 ;
1207 3615 1311 3704 itaque
1335 3626 1366 3682 et
1389 3626 1481 3681 antea
1503 3612 1645 3681 studiose

228 3760 232 3767 -
273 3746 403 3812 operam
433 3723 587 3806 dedimus,
617 3735 648 3790 et
671 3724 733 3790 hoc
761 3734 908 3810 tempore
932 3720 1009 3788 nihil
1037 3719 1120 3787 aliud
1149 3719 1338 3801 laboramus,
1367 3742 1461 3809 quam
1485 3730 1519 3787 ut
1543 3731 1645 3787 vestra

274 3831 354 3898 inter
378 3854 435 3898 vos
464 3831 560 3918 gratia
584 3827 850 3918 necessitudoque
878 3826 1027 3894 inviolata
1050 3838 1249 3915 permaneat,
1277 3825 1364 3915 quod
1388 3845 1422 3892 ut
1452 3824 1555 3893 adhuc
1578 3826 1646 3892 Do-

274 3937 350 4003 mini
367 3937 559 4025 benignitate
576 3935 739 4003 consecuti
763 3958 882 4015 sumus,
907 3935 948 4000 ita
963 3944 998 4001 ut
1014 3935 1145 4021 posthac
1165 3933 1317 4021 consequi
1333 3932 1503 4021 possimus,
1528 3930 1645 3998 eodem

274 4042 418 4109 Domino
443 4044 568 4109 iuvante
591 4065 659 4109 non
683 4039 864 4109 diffidimus.
903 4040 1008 4107 Tuam
1027 4063 1103 4107 vero
1123 4040 1332 4107 Serenitatem
1356 4037 1532 4120 hortamur,
1555 4050 1589 4105 ut
1612 4062 1646 4106 se

275 4148 313 4216 ad
328 4149 410 4217 hanc
432 4173 500 4216 rem
516 4138 639 4216 facilem
663 4170 918 4236 propensamque
941 4145 1098 4234 praebeat,
1122 4169 1183 4235 qua
1198 4144 1342 4234 profecto
1367 4145 1487 4212 neerei
1505 4142 1646 4233 publicae

275 4256 460 4323 christianae
483 4254 700 4336 salubriorem,
725 4277 784 4321 nec
807 4255 959 4342 sapientia
982 4254 1160 4342 pietateque
1183 4275 1237 4319 sua
1254 4250 1434 4340 digniorem
1458 4249 1552 4317 ullam
1578 4273 1647 4316 um-

274 4385 367 4450 quam
384 4363 528 4451 reperiet.
568 4362 618 4428 De
639 4362 701 4429 tuis
717 4372 822 4429 autem
839 4361 981 4442 monitis,
1006 4383 1085 4449 quae
1104 4383 1176 4427 cum
1194 4383 1211 4425 a
1227 4359 1338 4426 ceteris
1362 4356 1540 4424 oratoribus
1556 4354 1646 4423 Tuae

274 4468 466 4550 Serenitatis,
490 4480 558 4535 tum
582 4470 749 4556 praecipue
773 4490 791 4534 a
814 4465 975 4555 praedicto
999 4471 1128 4548 comite,
1152 4466 1205 4554 qui
1229 4478 1260 4531 et
1283 4487 1338 4530 sua
1361 4461 1527 4551 prudentia
1551 4473 1582 4528 et
1606 4485 1646 4529 eo

275 4574 358 4657 locu,
387 4598 483 4663 quem
503 4573 589 4663 ⁴apud
612 4587 643 4642 te
667 4574 805 4656 obtinet,
828 4572 919 4641 valde
942 4571 1035 4639 nobis
1065 4584 1172 4660 gratus
1196 4581 1405 4658 acceptusque
1429 4567 1500 4649 fuit,
1524 4566 1564 4634 ad
1587 4590 1647 4634 nos

276 4682 389 4770 perlata
406 4702 489 4764 sunt,
505 4692 687 4769 perpetuam
705 4681 887 4747 Serenitatis
903 4680 994 4745 Tuae
1010 4677 1198 4766 religionem
1213 4679 1428 4765 pietatemque
1443 4674 1647 4761 agnoscimus

277 4811 468 4877 operamque
493 4786 593 4854 daturi
621 4810 742 4868 sumus,
769 4797 804 4854 ut
828 4809 900 4853 cum
930 4787 1025 4853 ceteri
1054 4807 1179 4865 omnes,
1206 4802 1275 4850 tum
1306 4780 1461 4868 imprimis
1489 4779 1647 4847 Serenitas

276 4894 346 4962 Tua
379 4913 523 4962 mentem
555 4906 697 4962 nostram
731 4891 908 4960 collaudare
940 4892 1055 4959 merito
1089 4890 1197 4978 possit.
1245 4885 1346 4967 Quod
1376 4909 1454 4953 vero
1486 4884 1525 4953 de
1555 4884 1648 4952 rebus

278 5002 493 5069 ecclesiasticis
523 4998 560 5066 ad
592 5023 653 5065 nos
683 4998 836 5087 perlatum
870 5010 932 5079 est,
965 4996 995 5064 id
1026 5017 1244 5082 magnacum
1275 4994 1372 5059 animi
1405 4994 1504 5060 nostri
1535 4991 1648 5060 laetitia
