3802 5606
265 282 332 340 Acta
352 281 552 340 consistorialia.
1573 270 1637 337 205

265 464 412 500 uerworreu
432 448 458 498 iu
477 447 523 499 der
543 444 806 518 Aujeiuaadersolge;
831 444 866 499 da
885 445 945 500 aber
962 442 1005 500 die
1023 446 1171 519 Daiieruug
1191 446 1282 501 ieamer
1304 445 1432 518 beigu‘dgt
1451 450 1491 513 ist,
1514 447 1569 501 henr
1586 449 1638 502 sicis

263 536 345 588 dieser
358 534 497 604 Mil‘sstaud
515 534 595 587 deicht.
633 534 748 587 Dieselbe
760 533 875 604 Fassung
893 535 954 587 steht
966 535 1030 588 aucis
1049 538 1076 589 iu
1089 538 1159 588 eiuer
1176 537 1355 607 sorgsditigeu,
1374 535 1440 588 uicht
1453 537 1507 589 viel
1524 541 1637 608 spitereu

264 622 392 692 Absclsrr‘st
416 625 442 674 iu
469 623 543 675 Arch.
569 622 648 676 Vatic.
673 622 752 676 Varia
778 623 940 676 Politicoruur
964 626 1016 677 uos.
1040 624 1083 690 46,
1100 626 1126 695 s.
1150 641 1199 696 109
1216 643 1250 695 sq.
1288 624 1364 677 Diese
1388 626 1475 694 zuein
1498 624 1637 679 Reduktiau

263 717 364 763 steumut
383 728 433 763 uou
452 711 498 763 der
517 709 596 763 Haud
614 711 657 762 des
670 712 816 780 jeweiligeu
838 710 1004 763 Camerarius
1020 714 1090 764 sacri
1107 713 1217 782 collegii,
1235 713 1281 764 der
1299 714 1345 764 mil
1365 712 1463 781 Begiuu
1483 715 1549 766 eines
1563 714 1637 782 jedeu

264 798 350 866 Jabres
368 798 500 851 arentum.
533 798 587 851 Fur
605 799 652 851 dus
663 798 726 867 Jalrr
741 815 808 868 ¹529
825 816 884 851 arar
898 797 1064 853 Camerarius
1082 801 1127 853 der
1146 802 1242 870 eirrzige
1260 818 1312 853 arou
1331 799 1452 854 Hadrian
1471 799 1493 853 V
1493 801 1512 854 I.
1532 802 1639 854 Ireierte

265 887 404 949 Kardiual,
427 886 543 939 Wilhelru
564 887 733 951 Errl’euaoert,
748 888 800 956 seir
822 888 869 939 das
886 887 949 956 Jahr
970 904 1037 955 1550
1059 888 1105 941 der
1129 888 1210 942 Kard.
1232 888 1344 941 Aedonia
1368 907 1419 941 rou
1442 888 1494 942 Suu
1515 888 1638 942 Seueriuo

264 996 288 1031 u.
308 994 325 1029 s.
345 994 377 1028 ru.
415 975 469 1027 Aus
487 976 568 1028 dieser
586 978 689 1045 reuellere
710 974 824 1045 Fassung
842 976 948 1028 auurdeu
967 993 985 1029 s.
1007 976 1035 1030 Z.
1055 977 1107 1047 ares
1122 976 1208 1046 Beselrl
1228 976 1458 1049 Philippidem
1479 977 1588 1050 Spauieu
1607 996 1637 1045 au

265 1064 328 1119 Rom
348 1064 463 1133 Ausreige
479 1064 603 1133 geusarlst,
622 1064 664 1116 die
681 1064 733 1117 sich
749 1066 776 1116 iu
794 1065 843 1116 deu
858 1064 986 1117 Arabium
1006 1082 1057 1117 aare
1078 1063 1213 1118 Siurauiras
1227 1065 1372 1135 aarj'arsdeu
1390 1067 1443 1118 uud
1461 1067 1531 1119 dauu
1551 1069 1577 1118 iu
1596 1067 1638 1119 dir

264 1152 404 1224 englischeu
419 1152 600 1223 Samuduugeu
619 1154 665 1205 der
684 1152 780 1205 Lellers
799 1153 852 1205 uud
867 1152 1009 1205 Culeudnrs
1027 1154 1220 1224 sibergegaugeu
1238 1154 1304 1207 siud.
1337 1153 1421 1223 Vergl.
1441 1173 1460 1223 a.
1477 1154 1505 1207 B.
1526 1155 1638 1219 Brewrr,

265 1240 309 1294 IV.
329 1260 354 1295 u.
374 1242 452 1311 6772,
475 1239 502 1294 V.
523 1261 547 1294 u.
567 1257 626 1309 ²54·
666 1241 702 1293 Ius
722 1240 867 1310 Fulgeudeu
886 1243 917 1294 isi
935 1242 977 1294 die
998 1241 1137 1295 Reduldiou
1156 1242 1198 1294 des
1217 1241 1388 1310 Vireleaurlers
1406 1245 1453 1295 usit
1473 1242 1513 1305 A,
1536 1245 1578 1296 die
1596 1245 1638 1296 des

267 1328 433 1382 Camerarius
452 1330 529 1399 (Cori.
549 1329 628 1383 Vatis.
651 1330 730 1399 3457)
751 1332 796 1381 mit
816 1330 838 1381 B
855 1330 998 1396 beaeirlutet.

941 1507 964 1573 l.

370 1631 431 1698 Die
443 1630 526 1698 VIII.
544 1631 620 1697 iunii
641 1632 734 1715 1528.
774 1630 809 1696 In
827 1631 951 1697 civitate
964 1629 1096 1698 Viterbii
1114 1632 1146 1697 in
1163 1632 1355 1699 consistorio
1372 1644 1496 1700 secreto
1512 1632 1638 1701 fuerunt

264 1738 358 1805 creati
382 1735 446 1804 duo
470 1736 575 1823 legati,
599 1737 710 1805 Rmus.
733 1736 927 1824 Campegius
950 1759 1006 1825 per
1030 1735 1178 1824 Angliam
1203 1757 1234 1804 et
1258 1739 1368 1808 Rmus.
1393 1738 1558 1807 Farnesius
1583 1762 1638 1827 per

264 1842 395 1911 Urbem.
443 1842 500 1932 (A.
524 1842 545 1910 f.
572 1841 661 1932 154.)

369 1950 430 2017 Die
453 1950 577 2017 veneris
602 1948 690 2016 XVI.
716 1948 779 2015 iulii
808 1968 890 2035 1529
918 1947 976 2017 fuit
1004 1951 1213 2038 congregatio
1243 1952 1274 2017 in
1306 1951 1379 2019 loco
1409 1963 1575 2034 consueta,
1605 1953 1637 2018 in

264 2079 324 2145 qua
347 2055 386 2123 ad
410 2055 597 2123 relationem
620 2055 703 2122 Rmi.
728 2056 921 2122 Anconitani
949 2054 1007 2124 suit
1029 2057 1193 2144 proposita
1216 2080 1307 2125 causa
1329 2057 1508 2126 Britannica
1532 2059 1637 2125 matri·

264 2162 365 2228 monii
389 2163 603 2249 interregem
629 2173 660 2228 et
680 2162 836 2248 reginam,
860 2174 891 2229 et
914 2160 971 2229 fuit
994 2164 1215 2245 commissum,
1239 2162 1325 2252 quod
1343 2162 1526 2252 expediatur
1549 2186 1637 2231 com·

264 2269 374 2335 missio
397 2269 596 2336 revocatoria
618 2266 658 2335 ad
682 2267 822 2335 Curiam.
870 2266 927 2358 (A.
951 2266 972 2335 f.
1002 2267 1091 2357 163.)

369 2375 430 2442 Die
454 2375 577 2442 veneris
594 2374 682 2442 XVI.
706 2374 770 2441 iulii
795 2394 875 2460 1529
899 2373 957 2441 fuit
979 2375 1189 2463 congregatio
1212 2375 1367 2462 generalis
1391 2376 1457 2445 RR.
1475 2375 1548 2442 DD.
1572 2398 1636 2442 car·

264 2480 413 2548 dinalium
439 2481 492 2548 lite
508 2480 668 2569 pendente
692 2482 724 2547 in
743 2478 880 2568 partibus
904 2482 985 2548 inter
1000 2480 1159 2548 Sermum.
1176 2482 1351 2549 Henricnm
1368 2480 1501 2569 Angliae
1525 2503 1635 2568 regem

264 2599 295 2654 et
318 2587 472 2654 Sermam.
489 2587 606 2653 Dnam.
630 2588 697 2654 eius
718 2610 851 2654 uxorem
874 2610 968 2675 super
983 2587 1122 2654 divortio
1138 2610 1194 2655 seu
1217 2588 1415 2676 separatione
1431 2588 1635 2655 matrimonii.

264 2692 457 2761 Ordinatum
485 2692 542 2760 fuit
570 2693 711 2759 unanimi
738 2706 817 2760 voto
847 2695 993 2760 omnium
1021 2693 1088 2762 RR.
1113 2693 1197 2774 DD.,
1226 2691 1311 2783 quod
1342 2717 1433 2761 causa
1462 2693 1636 2762 advocetur

264 2812 295 2868 et
318 2801 535 2868 committatur
559 2801 590 2865 in
611 2801 693 2869 Rota
716 2798 879 2867 referenda
902 2821 958 2888 per
974 2800 1091 2867 Rotam
1116 2800 1181 2867 RR.
1199 2800 1271 2866 DD.
1297 2798 1502 2867 cardinalibus
1527 2812 1558 2866 et
1582 2788 1635 2866 de-

264 2929 356 2995 super
379 2907 522 2994 signetur
545 2906 742 2973 commissio.
789 2907 841 2993 (B.
866 2904 886 2972 f.
913 2904 1027 2994 262.)²

369 3013 533 3079 Bononiae
562 3011 613 3078 die
641 3012 729 3078 XVI.
758 3010 902 3107 februarii
931 3032 1023 3099 1530.
1069 3010 1238 3081 Referente
1262 3012 1357 3080 Rmo.
1383 3012 1560 3100 Campegio
1585 3034 1635 3079 ce·

264 3118 359 3186 dente
383 3119 478 3187 Rm0.
506 3117 696 3185 Eborncensi
720 3119 870 3186 ecclesiae
897 3116 1108 3185 Dunelmensi
1131 3120 1163 3184 in
1188 3117 1333 3185 manibus
1352 3118 1530 3186 Sanctitatis
1554 3117 1635 3185 Suae

263 3223 301 3291 ad
325 3224 585 3313 supplicationem
609 3226 692 3312 regis
709 3224 843 3312 Angliae
866 3223 923 3291 fuit
947 3226 1108 3312 provisum
1133 3224 1173 3292 de
1197 3247 1332 3312 persona
1356 3223 1485 3292 Ruberti
1504 3225 1633 3291 Dustar·

264 3329 335 3398 dam
360 3330 543 3420 (cuthberti
568 3329 742 3419 Tunstall).
789 3329 846 3421 (A.
870 3330 891 3397 f.
920 3330 1008 3419 171.)

369 3438 491 3505 Romae
507 3437 558 3504 die
574 3438 699 3505 veneris
721 3437 777 3503 lX.
795 3435 971 3504 decembris
992 3456 1074 3523 1530
1098 3436 1155 3503 fuit
1170 3438 1300 3504 consist.
1317 3447 1485 3503 secretum.
1521 3435 1636 3503 Lectae

263 3541 388 3611 fuerunt
412 3543 531 3611 litterae
555 3543 667 3610 Sermi.
692 3544 775 3631 regis
799 3543 933 3631 Angliae
956 3565 1012 3630 per
1036 3543 1164 3610 Rmum.
1190 3541 1230 3609 de
1254 3539 1336 3610 Cibo
1360 3563 1450 3609 sacro
1474 3542 1540 3611 RR.
1561 3542 1633 3608 DD.

264 3671 410 3716 meorum
435 3648 572 3735 collegio
597 3648 748 3729 directae,
776 3647 888 3737 quibus
912 3649 1137 3715 instantissime
1161 3648 1254 3735 petit,
1284 3660 1318 3715 ut
1341 3646 1439 3714 velint
1466 3646 1635 3734 suffragare

264 3778 337 3823 suae
361 3755 517 3843 petitioni,
534 3778 628 3843 quam
653 3754 726 3823 lecit
743 3755 906 3821 Sanctmo.
923 3755 964 3821 D.
982 3754 1023 3822 N.
1044 3751 1083 3821 de
1100 3755 1261 3821 creatione
1278 3751 1414 3820 duorum
1432 3751 1634 3819 cardinalium

264 3859 408 3929 videlicet
432 3862 497 3930 RR.
515 3862 707 3950 Hieronymi
731 3862 812 3949 eppi.
828 3860 1074 3945 Wigorniensis,
1098 3858 1249 3927 auditoris
1266 3882 1408 3927 camerae
1432 3859 1634 3947 apostolicae,

264 3978 295 4035 et
318 3967 551 4056 prothonotarii
575 3967 704 4050 Casalis,
728 3989 859 4033 suorum
884 3978 1048 4033 oratorum
1073 3967 1104 4032 in
1129 3965 1224 4033 Curia
1247 3966 1305 4033 ista
1328 3979 1360 4032 et
1384 3963 1466 4054 apud
1490 3976 1634 4033 senatum

263 4073 436 4156 Venetum,
461 4086 492 4141 et
508 4075 602 4141 etiam
627 4073 809 4141 exhortatur
825 4073 949 4153 Rmos,
972 4070 1059 4161 quod
1083 4073 1114 4138 in
1139 4082 1269 4139 tractatu
1287 4071 1378 4138 huius
1401 4073 1522 4157 negotii
1537 4072 1635 4139 velint

263 4192 337 4247 vota
360 4203 415 4247 sua
438 4180 511 4247 dare
536 4181 568 4246 in
591 4179 734 4247 favorem
758 4177 991 4267 praedictorum
1016 4177 1066 4245 vel
1089 4178 1201 4245 saltem
1224 4201 1283 4266 pro
1299 4177 1397 4245 altero
1418 4200 1456 4243 ex
1473 4179 1517 4243 eis
1540 4176 1635 4243 aSua

263 4284 433 4353 Sanctitate
458 4284 667 4367 nominando,
691 4283 879 4353 adducendo
896 4283 1012 4373 aliquas
1036 4285 1185 4366 rationes,
1209 4303 1339 4371 propter
1358 4306 1434 4372 quas
1458 4305 1524 4350 non
1541 4281 1635 4350 debet

263 4392 319 4478 ipsi
344 4394 410 4479 regi
427 4392 575 4480 denegari
600 4394 657 4460 ista
673 4393 807 4459 honesta
831 4391 952 4479 petitio.
991 4390 1158 4471 Quoniam
1181 4390 1207 4457 si
1231 4388 1415 4476 denegatur,
1439 4410 1506 4454 non
1529 4400 1635 4475 potest

264 4495 330 4564 fieri
354 4499 414 4564 nisi
429 4522 502 4565 cum
526 4499 662 4565 maxima
686 4500 782 4586 ipsius
803 4498 926 4579 iniuria,
951 4496 1079 4565 cunrad
1102 4497 1281 4563 instantiam
1306 4494 1439 4561 aliorum
1456 4494 1634 4581 principum

263 4604 325 4671 sint
348 4605 442 4672 creati
466 4604 666 4693 quamplures
689 4602 862 4672 cardinales
886 4602 1047 4671 mensibus
1071 4603 1216 4690 proxime
1232 4600 1382 4668 decursis.
1420 4599 1458 4667 Et
1481 4601 1632 4688 quoniam

264 4711 429 4796 negotium
454 4722 501 4777 est
525 4712 632 4797 magni
657 4712 825 4791 momenti,
850 4729 881 4777 et
905 4728 993 4777 erant
1017 4708 1163 4776 absentes
1186 4707 1278 4795 aliqui
1303 4729 1340 4773 ex
1360 4706 1426 4774 RR.
1445 4704 1519 4772 DD.
1544 4706 1634 4788 meis,

372 4930 378 4959 ¹
398 4923 423 4976 S.
443 4923 512 4975 oben
533 4923 580 4977 blr.
601 4922 642 4976 26.
752 4932 763 4960 ²
781 4924 806 4976 S.
827 4922 896 4975 oben
915 4921 963 4979 Nr.
983 4924 1025 4977 61.
