3842 5592
314 290 355 352 84
1132 294 1135 299 ’
1534 306 1686 382 Mai-1529.

314 464 397 533 forse
421 466 552 554 megli0,
576 466 660 533 ch’io
684 489 749 532 non
768 464 812 532 ho
834 478 949 554 potuto
973 465 1151 556 significare
1175 467 1246 536 loro
1269 492 1331 537 con
1348 469 1377 537 la
1399 493 1516 560 penna:
1541 494 1599 558 pur
1617 492 1685 537 non

312 574 356 641 ho
372 573 484 642 voluto
508 596 589 640 anco
606 595 751 640 mancare
776 571 806 639 di
823 584 936 662 questo
956 571 1065 641 officio
1089 598 1146 664 per
1161 576 1362 644 consolation
1387 579 1449 644 mia
1473 588 1504 644 et
1526 599 1582 664 per
1600 577 1686 643 testi-

312 683 426 747 monio
450 679 500 747 del
522 679 622 768 parlar
644 702 715 761 suo,
739 678 788 745 dal
811 678 901 767 quale
924 679 1157 756 intenderanno
1181 705 1313 764 ancora,
1338 685 1369 749 in
1395 683 1454 750 che
1476 682 1628 769 travaglio
1651 684 1684 749 io

312 788 355 852 mi
381 798 473 854 trovo
498 797 529 853 et
552 784 590 852 de
606 784 635 851 la
657 796 767 852 mente
791 797 822 852 et
846 783 897 852 del
913 809 1012 874 corpo
1036 809 1091 874 per
1115 787 1143 853 la
1160 789 1247 876 quasi
1271 790 1422 856 continua
1445 787 1595 856 infirmitl
1610 790 1683 870 mia,

312 910 436 959 causata
459 891 497 959 da
520 892 548 958 11
571 892 759 979 intemperie
782 904 814 957 et
836 892 1049 959 inconstantia
1078 891 1109 959 di
1133 912 1246 982 questo
1275 918 1361 978 aere,
1391 897 1541 982 aggiunta
1571 918 1633 961 con
1657 894 1684 960 la

311 1022 392 1087 poca
416 1008 622 1067 contentezza
650 997 701 1064 del
724 998 843 1079 animo,
874 1020 951 1085 pure
975 996 1094 1066 andero
1123 999 1225 1067 drieto
1249 999 1384 1068 iacendo
1408 1000 1427 1067 il
1457 1000 1576 1089 meglio
1600 1000 1684 1067 clt’io

310 1107 416 1193 potrb,
441 1128 507 1171 non
528 1103 718 1187 mancando,
742 1123 861 1193 quanto
878 1104 903 1171 si
922 1104 1136 1172 stenderanno
1156 1105 1184 1172 le
1204 1107 1268 1174 mie
1291 1105 1388 1190 forze,
1412 1105 1463 1174 del
1481 1105 1589 1175 debito
1605 1108 1682 1173 mi0.

419 1228 560 1311 »Scrive,
590 1228 648 1295 che
672 1227 712 1294 N.
737 1227 874 1315 Signore
897 1222 923 1293 si
947 1227 1042 1296 duole
1066 1241 1097 1296 et
1120 1252 1187 1296 non
1211 1231 1275 1317 pub
1299 1231 1495 1318 imaginarsi,
1519 1253 1613 1298 come
1637 1231 1682 1297 sia

308 1336 497 1425 proceduto,
523 1334 581 1401 che
605 1334 708 1422 questi
732 1332 868 1401 habbino
889 1333 1007 1402 havuto
1031 1358 1191 1423 speranza,
1215 1336 1274 1403 che
1297 1337 1323 1403 si
1346 1335 1429 1403 fusse
1454 1360 1509 1425 per
1532 1360 1681 1404 revocare

309 1443 383 1532 quel
408 1442 503 1510 breve
531 1439 677 1522 dilutio,
707 1452 739 1508 et
762 1441 820 1508 che
848 1463 942 1528 sopra
970 1454 1079 1530 questa
1107 1464 1257 1529 speranza
1286 1466 1369 1509 sono
1394 1445 1465 1511 stati
1493 1442 1631 1509 mandati
1654 1442 1681 1508 la

309 1551 439 1630 oratori,
463 1561 493 1617 et
510 1547 568 1614 che
592 1545 654 1613 Sua
670 1546 789 1615 Santitl
812 1545 947 1613 harebbe
964 1545 1153 1630 desiderate,
1178 1547 1335 1615 chefosse
1359 1560 1438 1616 stata
1460 1548 1586 1636 tagliata
1609 1547 1679 1615 loro

308 1676 417 1746 questa
443 1677 621 1743 speranza«
668 1653 746 1720 Nou
769 1675 867 1741 posso
890 1655 950 1740 gia,
973 1653 1091 1742 Signor
1113 1655 1191 1737 mio,
1215 1655 1353 1737 stimate,
1378 1655 1515 1722 maxime
1541 1653 1677 1722 essendo

308 1763 439 1830 conscio
468 1760 579 1847 d'ogni
608 1760 671 1826 mia
698 1759 824 1841 azione,
853 1759 912 1826 che
935 1759 997 1826 Sua
1020 1760 1139 1828 Santita
1167 1772 1199 1828 et
1222 1760 1262 1827 V.
1287 1761 1319 1827 S.
1344 1762 1376 1827 in
1401 1762 1451 1827 cib
1480 1763 1523 1827 mi
1548 1760 1679 1848 voglino

307 1868 380 1936 dare
403 1867 614 1957 imputatione
637 1866 746 1933 alcuna
771 1878 802 1933 et
825 1866 870 1932 mi
893 1866 1024 1932 stimino
1049 1865 1081 1934 di
1104 1869 1171 1933 cosl
1201 1889 1286 1954 poco
1310 1869 1566 1948 conosciment0,
1595 1866 1679 1934 ch'io

306 1998 373 2042 non
397 1974 529 2061 sapessi,
559 1971 617 2040 che
645 1995 711 2039 non
736 1974 766 2039 vi
791 1995 842 2039 era
871 1970 998 2054 ordine,
1027 1971 1087 2039 che
1116 1971 1178 2040 Sua
1201 1972 1321 2041 Santital
1348 1972 1466 2040 facesse
1494 1972 1534 2039 tal
1564 1970 1679 2065 dichia-

304 2082 428 2149 ratione
452 2079 483 2147 di
507 2078 625 2160 nullita,
649 2100 743 2145 come
766 2079 868 2167 questi
892 2077 1137 2161 desideravano;
1170 2080 1248 2167 perd
1273 2102 1335 2145 con
1364 2079 1472 2146 auimo
1496 2080 1549 2167 piu
1573 2079 1678 2144 sicuro

305 2189 434 2256 rimetto
451 2186 492 2254 V.
509 2186 540 2253 S.
565 2183 622 2251 alle
646 2186 709 2251 mie
732 2183 854 2266 lettere,
878 2182 961 2252 dove
985 2183 1203 2273 rileggendole
1226 2187 1353 2253 trovera
1376 2185 1460 2252 ch’io
1480 2184 1524 2251 ho
1548 2185 1678 2272 script0,

304 2295 420 2362 havere
443 2291 475 2361 di
498 2294 558 2382 qua
581 2291 635 2379 piir
652 2289 736 2357 volte
761 2289 861 2373 detto,
885 2290 944 2357 che
967 2291 1012 2357 sia
1030 2289 1224 2379 impossibile
1248 2290 1306 2358 che
1323 2290 1529 2359 obtenessino
1553 2290 1574 2356 il
1598 2289 1679 2358 desi·

305 2400 393 2469 derio
422 2399 493 2467 loro
522 2398 602 2465 circa
630 2408 743 2486 questo
772 2396 810 2464 da
842 2397 904 2464 Sua
927 2397 1080 2479 Santitt13
1113 2400 1155 2464 11
1184 2397 1270 2465 harei
1297 2409 1412 2486 potuto
1441 2420 1504 2464 con
1532 2398 1679 2484 maggior

305 2505 442 2574 efficacia
466 2503 626 2571 dissuadet
648 2503 730 2584 lor0,
755 2502 904 2570 thenon
928 2500 1084 2570 facessino
1108 2501 1150 2570 tal
1173 2501 1348 2586 domanda,
1377 2502 1566 2571 mettendoli
1589 2514 1677 2570 sotto

304 2612 323 2679 li
349 2613 441 2680 occhi
463 2622 544 2679 tutte
573 2609 602 2676 le
625 2609 763 2696 ragioni,
794 2608 853 2676 che
876 2610 920 2675 mi
944 2630 1172 2690 occorrevan0‚
1196 2608 1303 2676 donde
1326 2622 1488 2697 potevano
1511 2608 1627 2676 vedere
1649 2609 1677 2675 la

304 2716 522 2807 impossibilita
545 2714 628 2782 dela
644 2738 728 2782 cosa.
767 2714 806 2782 Et
825 2714 863 2782 da
886 2714 986 2782 l'altro
1011 2733 1106 2781 canto
1123 2713 1232 2782 diceva
1254 2713 1336 2797 loro,
1361 2715 1419 2782 che
1438 2739 1472 2783 se
1488 2716 1677 2797 stimavan0,

304 2824 363 2891 che
386 2823 407 2889 il
429 2821 524 2889 breve
539 2820 623 2888 fusse
647 2820 736 2903 falso,
760 2821 897 2887 stessino
920 2822 1024 2902 sicuti,
1048 2820 1107 2887 che
1130 2822 1162 2887 in
1181 2842 1332 2909 processu
1354 2821 1383 2887 la
1406 2820 1505 2889 1111111
1527 2823 1553 2887 si
1577 2843 1677 2887 cono-

303 2927 468 3011 scerebbe3
501 2928 560 2995 che
582 2949 659 3014 pure
683 2926 727 2993 ho
744 2924 880 2994 studiato
903 2937 1005 3007 tant0,
1029 2926 1113 2993 ch‘io
1137 2949 1175 2994 so
1199 2925 1316 3016 quell0,
1339 2927 1398 2994 che
1422 2951 1463 2994 ne
1485 2928 1632 2994 scrivano
1656 2925 1676 2991 li

304 3034 439 3115 doctori,
464 3045 495 3100 et
513 3055 607 3100 come
630 3035 656 3098 si
681 3031 790 3099 habbia
806 3055 823 3099 a
840 3031 1040 3099 considerare
1063 3044 1095 3100 et
1117 3033 1269 3101 ritrovare
1292 3031 1321 3099 la
1335 3031 1434 3100 falsita
1457 3031 1496 3100 de
1519 3033 1548 3099 le
1565 3032 1676 3100 lettere

303 3139 509 3228 apostoliche.

409 3263 500 3331 Costl
529 3263 554 3329 si
578 3262 717 3329 ritruova
746 3260 767 3328 il
790 3262 846 3328 Dr.
871 3261 1044 3349 Stephano,
1068 3261 1089 3328 il
1112 3261 1201 3352 quale
1230 3264 1274 3329 mi
1298 3262 1435 3345 ricorda,
1465 3263 1524 3330 che
1547 3261 1674 3329 almeno

304 3393 365 3439 una
381 3371 477 3452 volta,
500 3392 534 3436 se
558 3392 625 3436 non
641 3369 705 3457 pit,
728 3366 760 3435 11
783 3386 941 3457 presente,
965 3367 1092 3458 quando
1115 3369 1147 3435 io
1164 3370 1295 3435 mostrai
1318 3368 1389 3435 loro
1413 3368 1441 3434 la
1456 3367 1676 3457 impossibilitb

304 3476 343 3544 de
366 3476 395 3545 le
419 3474 579 3543 domande
603 3475 661 3542 che
684 3473 845 3541 facevano.
891 3475 930 3542 Et
953 3498 996 3541 m.
1021 3474 1195 3541 Francesco
1220 3475 1279 3542 che
1302 3477 1394 3542 viene
1417 3496 1479 3542 con
1504 3486 1623 3564 questa,
1647 3474 1672 3539 si

302 3581 475 3664 ricordera,
500 3581 558 3649 che
590 3582 623 3647 in
651 3582 808 3668 presentia
836 3604 906 3662 sua,
933 3579 1060 3670 quando
1085 3579 1106 3646 il
1129 3579 1284 3648 cardinale
1307 3604 1325 3647 a
1348 3580 1388 3647 lui
1413 3593 1445 3649 et
1467 3605 1484 3647 a
1508 3604 1560 3650 me
1583 3579 1674 3669 repli-

301 3711 375 3755 cava
391 3687 420 3754 le
436 3687 553 3776 parole,
577 3686 636 3753 che
653 3710 763 3774 spesso
780 3684 851 3753 suol
866 3685 949 3753 dire:
973 3687 1096 3753 Amore
1112 3686 1172 3752 Dei
1196 3684 1286 3753 faciat
1301 3685 1449 3754 Pontifex
1472 3709 1530 3774 pro
1547 3687 1671 3754 Sermo

300 3816 376 3880 rege
399 3816 475 3859 meo
499 3812 530 3860 et
554 3793 670 3860 eximat
697 3815 758 3859 nos
781 3791 819 3859 ab
843 3792 892 3859 his
914 3790 1120 3859 anxietatibus
1144 3831 1197 3874 -,
1225 3793 1258 3858 io
1281 3791 1302 3859 li
1325 3791 1465 3880 replicai,
1494 3792 1553 3860 che
1576 3792 1605 3859 le
1629 3791 1673 3859 di·

301 3898 416 3966 mande
443 3898 515 3965 loro
539 3921 636 3965 erano
664 3896 866 3986 impossibili,
895 3921 989 3965 come
1016 3897 1117 3965 anche
1145 3896 1222 3965 altre
1244 3897 1331 3965 volte
1359 3898 1403 3986 gli
1426 3899 1548 3966 havevo
1573 3897 1671 3965 detto.

299 4005 338 4072 Et
361 4029 427 4072 non
453 4004 608 4087 obstante,
632 4004 691 4072 che
715 4004 746 4071 di
770 4027 879 4072 nuovo
903 4003 1078 4071 intendano
1103 4023 1135 4070 et
1156 4005 1181 4070 si
1206 4003 1275 4071 dica
1300 4002 1370 4071 loro
1395 4023 1504 4094 questa
1527 4005 1673 4092 impossi-

300 4111 394 4195 bilitl,
419 4110 504 4178 onde
529 4115 701 4193 11111111,
725 4110 783 4178 che
800 4111 841 4178 N.
858 4111 994 4198 Signore
1018 4134 1086 4177 non
1102 4109 1212 4177 habbia
1235 4122 1349 4198 potuto
1366 4110 1504 4179 satisfare
1527 4110 1576 4178 alli
1600 4111 1671 4178 loro

299 4215 461 4286 desiderii:
494 4240 571 4305 pure
595 4236 710 4284 stanno
740 4217 771 4283 in
796 4228 906 4306 questa
932 4216 1076 4299 fantasia,
1108 4216 1186 4284 »che
1210 4216 1251 4283 N.
1276 4216 1412 4304 Signote
1433 4240 1543 4306 possa,
1571 4230 1603 4285 et
1627 4217 1672 4285 di·

405 4455 413 4484 ¹
433 4447 462 4500 11
481 4447 532 4501 den
555 4447 699 4500 Schreibeu
718 4446 765 4500 des
778 4445 917 4500 Kardinals
936 4446 1063 4499 kommen
1077 4445 1179 4499 freilich
1198 4444 1237 4500 oft
1256 4462 1349 4518 genug
1366 4446 1459 4500 solche
1478 4446 1670 4516 Darlegungen

298 4534 354 4584 vor,
374 4538 395 4572 1.
411 4518 440 4573 Β.
460 4520 485 4571 11
505 4518 552 4572 der
570 4517 713 4588 Depesche
733 4534 796 4570 vmu
816 4534 839 4586 9.
855 4517 959 4588 Jamuar,
979 4518 1041 4569 aber
1060 4517 1137 4569 mehr
1155 4516 1202 4570 auf
1217 4516 1259 4570 die
1279 4517 1364 4571 Sacbe
1383 4519 1420 4571 im
1438 4534 1550 4588 ganzen,
1569 4514 1607 4569 als
1626 4514 1674 4568 auf

298 4587 343 4641 das
363 4590 447 4642 Breve
466 4589 557 4660 Julius'
577 4588 609 4642 Il.
629 4588 776 4658 bezuglich,
797 4605 850 4641 von
868 4587 1001 4641 welchem
1017 4587 1196 4658 Campeggio,
1215 4589 1381 4659 wenigstens
1399 4590 1426 4641 in
1445 4588 1496 4641 den
1515 4604 1564 4641 uns
1585 4585 1668 4640 ethal-

296 4666 377 4712 tenen
392 4660 541 4727 Berichten,
561 4659 612 4712 fast
631 4676 679 4730 gar
697 4658 770 4711 nicht
790 4675 821 4711 111
841 4659 964 4729 professo
983 4658 1097 4729 spricht;
1122 4656 1259 4727 jedenlalls
1278 4661 1341 4712 aber
1359 4659 1393 4712 ist
1411 4659 1457 4712 der
1471 4657 1601 4713 Vorwurs
1616 4674 1669 4711 von

297 4730 381 4783 seiten
405 4729 452 4783 des
472 4731 583 4799 Papstes
601 4730 723 4799 weniger
746 4728 794 4782 aul
813 4728 855 4782 die
874 4729 916 4783 De
936 4730 1035 4783 eschen
1061 4727 1107 4781 des
1127 4728 1265 4783 Kardinals
1289 4729 1328 4783 als
1352 4728 1400 4783 111
1414 4730 1461 4783 das
1484 4731 1669 4800 gemeinsame

295 4799 441 4854 Schreiben
460 4801 508 4853 mit
527 4801 622 4854 Wolse
660 4798 892 4866 auruchzultrhren,
912 4747 1007 4853 desseu
1028 4800 1263 4870 Unterzeichnung
1284 4816 1313 4853 er
1331 4802 1404 4854 nicht
1422 4800 1496 4854 hatte
1514 4798 1669 4854 vermeiden

296 4869 411 4936 konnen,
430 4872 493 4924 aber
505 4871 575 4924 doch
588 4819 674 4924 sehon
687 4868 747 4922 bald
761 4870 879 4923 hernach
898 4869 945 4924 auf
954 4871 1029 4924 ihren
1042 4869 1153 4924 wahren
1163 4870 1239 4923 Wert
1259 4870 1463 4942 zurftcltgeftthrt
1475 4870 1557 4926 hatte.
1576 4870 1668 4940 Vergl.

296 4940 366 4992 oben
385 4958 480 4993 unsere
499 4941 703 5010 Bemerltuugen
722 4959 753 4993 zu
772 4940 824 4993 den
843 4941 987 4995 Schreibeu
1007 4940 1052 4995 C.s
1072 4957 1134 4993 vom
1155 4955 1196 5010 27.
1216 4940 1372 4996 November
1391 4941 1444 4995 und
1463 4959 1487 5014 9.
1506 4941 1610 5012 Januar.
