3836 5598
294 346 356 406 120
806 376 810 383 ·
1515 355 1566 427 Juli
1588 371 1662 428 ¹5²9·

291 517 370 599 libri,
394 519 489 585 etiam
513 517 613 585 alcuni
638 518 768 600 dottori,
792 541 844 585 ma
868 541 929 586 con
954 518 1071 586 timore
1094 529 1125 585 et
1149 539 1243 585 come
1267 515 1305 583 da
1328 540 1373 598 se,
1396 519 1437 583 ne
1460 539 1478 583 a
1500 539 1599 583 nome
1623 514 1662 582 de

292 624 320 691 la
343 625 431 691 reina
454 624 537 712 parla
559 626 613 713 pili
636 624 760 692 alcun0.
805 626 838 692 Si
861 637 1020 714 aspettava
1043 626 1097 693 un'
1121 626 1309 692 avocatione
1333 647 1354 689 o
1377 623 1618 711 suspensione«.

398 730 523 798 Ionon
548 733 698 799 mancaro
722 730 772 798 del
795 730 902 800 debito
931 751 962 799 et
986 730 1094 799 officio
1118 733 1196 813 mio,
1225 754 1284 798 nec
1311 728 1449 818 prudens
1476 742 1529 797 aut
1551 727 1662 796 volens

293 837 503 918 committam,
529 837 587 904 che
610 837 723 904 alcuno
748 837 779 904 di
803 861 854 905 me
878 840 903 905 si
928 861 1020 926 possa
1044 837 1219 918 biasimare,
1244 849 1275 904 et
1294 834 1443 904 venendo
1467 858 1484 901 a
1507 835 1663 902 sententia

293 966 359 1009 non
378 943 495 1010 haverd
518 943 597 1011 altro
614 944 672 1011 che
689 944 753 1009 Dio
778 946 880 1011 inanzi
903 944 946 1032 gli
963 945 1064 1026 occhi,
1089 958 1120 1011 et
1143 943 1271 1011 l'honor
1287 942 1318 1009 di
1333 953 1443 1032 questa
1466 953 1554 1008 santa
1569 939 1661 1007 Sede.

292 1049 460 1116 Partirono
489 1048 520 1116 di
545 1051 596 1140 qui
625 1049 646 1116 il
668 1073 808 1117 vescovo
833 1049 863 1117 di
888 1051 1014 1118 londra
1045 1062 1076 1119 et
1099 1051 1120 1117 il
1148 1062 1286 1117 maestro
1310 1050 1407 1116 Moro
1434 1047 1462 1114 al
1485 1048 1588 1135 primo
1612 1043 1663 1113 del

293 1178 396 1238 mese,
424 1157 542 1224 oratori
572 1156 602 1222 di
631 1168 739 1246 questa
767 1156 887 1225 Maesta
910 1180 966 1245 per
992 1159 1126 1225 trovarsi
1155 1158 1186 1225 in
1216 1167 1377 1224 convento
1401 1178 1418 1221 a
1442 1152 1604 1234 Cambrai,
1632 1164 1663 1220 et

293 1262 401 1329 hanno
426 1262 542 1329 havuto
567 1263 732 1350 particolar
756 1265 984 1331 commissione
1008 1264 1039 1331 di
1062 1264 1206 1331 assistere
1230 1262 1287 1330 alle
1311 1285 1386 1329 cose
1410 1260 1441 1327 di
1463 1261 1504 1327 N.
1527 1260 1663 1348 Signore

294 1379 325 1436 et
349 1367 388 1435 de
412 1367 439 1435 la
468 1367 549 1436 Sede
573 1369 774 1457 Apostolica,
802 1383 833 1437 et
853 1369 953 1471 credo
982 1394 1022 1439 ne
1051 1369 1183 1438 faranno
1210 1369 1320 1437 buono
1344 1366 1463 1449 officio,
1493 1366 1609 1455 perche
1633 1377 1664 1433 et

295 1497 357 1541 con
385 1474 413 1541 la
440 1476 561 1542 Maestd
585 1474 636 1543 del
658 1499 691 1542 re
716 1487 747 1543 et
770 1500 831 1543 con
857 1479 917 1544 essi
945 1500 985 1544 ne
1010 1477 1053 1543 ho
1077 1475 1154 1545 fatto
1178 1487 1258 1544 tutta
1281 1474 1383 1564 quella
1405 1472 1580 1561 diligentia,
1605 1471 1663 1539 che

295 1582 339 1646 mi
363 1584 381 1647 e
404 1592 485 1648 stato
510 1581 668 1669 possibile.
714 1581 775 1649 Alli
799 1582 827 1651 Π
849 1582 881 1649 fu
905 1581 994 1651 detto
1018 1585 1071 1673 qui
1096 1582 1134 1650 de
1158 1582 1186 1649 la
1211 1605 1300 1670 presa
1324 1580 1354 1648 di
1377 1580 1522 1667 Monsgr.
1547 1577 1577 1647 di
1601 1578 1663 1645 San

295 1686 385 1768 Polo,
415 1687 443 1754 la
471 1687 561 1777 quale
588 1689 642 1777 poi
672 1691 698 1756 si
723 1692 740 1756 ὲ
764 1687 967 1773 confirmata3
1001 1712 1068 1757 non
1096 1689 1217 1756 soche
1244 1688 1421 1755 mutatione
1450 1686 1563 1754 haveri
1589 1683 1663 1752 satta

294 1795 395 1881 quest'
413 1792 492 1861 altro
516 1817 673 1863 successo.
713 1795 751 1862 Et
774 1819 840 1862 non
864 1797 909 1862 mi
931 1795 1089 1864 accadevo
1114 1795 1180 1864 dire
1203 1795 1283 1863 altro
1299 1819 1317 1861 a
1333 1795 1372 1860 V.
1390 1793 1433 1877 S,
1457 1816 1491 1861 se
1514 1815 1582 1859 non
1605 1791 1664 1859 che

294 1921 357 1966 con
380 1897 538 1968 desiderio
562 1912 730 1988 expettavo
754 1925 810 1969 sne
833 1900 953 1969 lettere.

398 2021 441 2089 Di
464 2021 592 2089 Londra
615 2022 664 2090 alli
693 2044 728 2111 13
755 2023 786 2090 di
809 2023 907 2112 luglio
936 2045 1028 2111 1529.

782 2148 836 2215 Uti
860 2146 941 2215 filius
965 2146 1178 2217 deditissimus

1197 2255 1232 2322 L.
1258 2255 1330 2322 Car.
1355 2253 1558 2341 Campegius.

505 2412 589 2465 Nune..
613 2412 639 2464 di
663 2412 753 2467 Germ.
777 2429 816 2483 53,
841 2412 857 2467 I.
882 2429 941 2469 202.
984 2414 1158 2485 Eingelaufen
1182 2431 1226 2468 am
1252 2428 1291 2467 12.
1314 2413 1426 2484 August.
1469 2411 1516 2465 Bei
1538 2409 1664 2474 Theiner,

399 2518 422 2570 p.
445 2501 502 2570 587,
522 2499 588 2554 fehlt
612 2500 653 2555 die
672 2500 754 2556 Stelle
779 2503 805 2555 in
824 2502 1045 2569 Geheimschrist,
1069 2503 1150 2557 deren
1170 2501 1326 2572 Aufldsung
1351 2502 1424 2555 nicht
1443 2498 1582 2571 beigefilgt
1601 2513 1664 2551 war.

399 2587 451 2641 Die
464 2587 572 2642 Worte:
597 2607 641 2643 ma
661 2606 712 2644 con
731 2592 827 2645 timore
851 2593 877 2645 in
896 2591 998 2646 diesem
1018 2592 1175 2646 Abschnitte
1199 2591 1306 2644 konnen
1328 2590 1385 2643 sich
1403 2590 1473 2643 nach
1496 2587 1548 2642 den
1566 2587 1664 2657 obigen

400 2677 467 2730 zwei
491 2676 631 2732 Berichten
656 2678 720 2733 saber
743 2678 835 2733 Fisber
854 2680 920 2748 (und
939 2680 986 2735 Dr.
1006 2680 1142 2750 Standish)
1161 2679 1235 2734 wohl
1254 2678 1376 2750 weniger
1398 2676 1446 2731 auf
1466 2676 1538 2730 diese
1562 2673 1665 2741 beiden,

400 2763 438 2817 als
457 2763 505 2818 aui
520 2765 606 2820 alcuni
625 2765 723 2821 douori
742 2768 879 2822 beziehen.

950 2963 1016 3047 58.

446 3118 627 3188 Clemens
645 3121 716 3188 Vll.
740 3144 780 3188 an
803 3121 991 3190 Heinrich
1010 3122 1093 3191 VIII.
1140 3123 1236 3205 Rom,
1265 3143 1313 3207 19.
1336 3120 1397 3207 Juti
1425 3139 1516 3205 1529.

401 3276 552 3348 Miiteilung
570 3279 632 3332 eber
649 3279 698 3333 den
715 3278 821 3352 Vollaug
837 3281 884 3334 der
903 3279 1057 3336 Avokation.
1095 3280 1139 3335 Da
1157 3281 1222 3335 nach
1239 3280 1285 3334 der
1304 3281 1465 3353 Appellation
1486 3280 1533 3333 der
1551 3278 1667 3349 Konigin

298 3365 444 3421 Katharina
464 3366 528 3422 nach
546 3366 610 3422 Rom
627 3369 675 3422 der
693 3368 794 3434 Kaiser,
818 3370 873 3423 sein
891 3368 992 3424 Bruder
1010 3368 1161 3424 ferdinand
1178 3370 1231 3423 und
1250 3369 1337 3440 Konig
1355 3368 1455 3438 Johann
1472 3385 1526 3421 von
1544 3366 1669 3436 Portugal

297 3455 426 3527 drIngend
444 3458 604 3528 verlangten,
622 3456 680 3527 dass
698 3458 740 3511 die
757 3457 806 3511 den
824 3457 911 3512 beiden
930 3458 1093 3512 Kardindlen
1114 3456 1270 3530 Campeggio
1289 3457 1343 3512 und
1365 3457 1462 3528 Wolsey
1480 3457 1577 3509 erter'lte
1598 3452 1667 3507 Voll-

298 3544 380 3598 macht
399 3545 640 3615 zurichgenommen
662 3547 716 3600 νινιᾶ
733 3548 788 3600 eine
806 3547 995 3619 mispreehende
1013 3565 1075 3600 neue
1085 3547 1137 3618 sair
1155 3548 1228 3600 einen
1246 3544 1368 3600 Prdlaten
1391 3562 1425 3598 an
1443 3544 1490 3598 der
1507 3543 1591 3598 Kurie
1608 3558 1668 3596 aus-

296 3633 419 3704 gesertipt
444 3634 542 3686 werde:
566 3634 645 3687 babere
669 3636 720 3688 alle
743 3634 944 3706 Referendarien
967 3637 1013 3690 der
1032 3635 1175 3706 Signatum
1200 3636 1321 3699 iustitiae,
1344 3651 1393 3688 vor
1415 3633 1472 3687 dem
1496 3632 1584 3704 Papste
1608 3648 1668 3684 ver-

298 3723 421 3785 sammelt,
440 3723 595 3793 einstimmig
608 3724 712 3788 erkleirt,
730 3724 790 3793 dass
801 3726 879 3778 dieses
895 3724 1038 3795 Verlangen
1057 3723 1125 3777 nicht
1137 3723 1292 3795 abgeauiesen
1309 3722 1413 3777 werden
1428 3722 1516 3817 νόμην.
1548 3719 1669 3773 Dennoch

299 3815 405 3863 wartete
421 3810 468 3862 der
480 3809 555 3881 Papst
574 3813 620 3863 mit
638 3812 684 3864 der
700 3810 926 3883 Unleraeiehnung,
944 3812 1059 3866 bisancii
1076 3813 1123 3866 dos
1139 3811 1221 3865 Urteil
1237 3812 1283 3865 der
1297 3810 1443 3865 Kardindle
1460 3809 1584 3881 eingebolt
1603 3824 1669 3872 war,

299 3897 341 3949 die
364 3897 424 3950 aber
446 3898 531 3951 ebenso
555 3901 710 3971 einste'mmig
733 3901 842 3955 dasselbe
864 3901 999 3955 erkldrten.
1042 3899 1074 3954 So
1098 3899 1159 3953 habe
1183 3898 1297 3953 Clemeen
1320 3900 1363 3953 die
1384 3897 1600 3968 Ueteraeichnung
1623 3896 1670 3948 der

302 3983 449 4039 Auokalion
472 3986 540 4039 nicht
559 3989 650 4058 danger
668 3989 826 4043 verschieben
849 3990 948 4043 konnen
970 3989 1023 4042 und
1045 3989 1106 4042 bitte
1128 3988 1207 4042 daher
1225 3989 1273 4041 den
1292 3986 1388 4059 Konig,
1411 3989 1458 4040 mit
1479 3985 1621 4040 Gleichnrnl
1638 4001 1669 4054 (u

301 4081 430 4145 ertragen,
448 4091 502 4127 was
520 4092 551 4144 (u
570 4076 724 4130 verhindern
743 4077 889 4148 unmdgle'cb
906 4094 970 4131 war.

408 4215 538 4283 Carmo
563 4217 596 4283 in
619 4217 749 4286 Christo
773 4217 839 4287 filio
864 4230 976 4286 nostro
999 4219 1140 4287 Henrico
1164 4217 1298 4306 Angliae
1325 4218 1392 4304 regi
1415 4214 1517 4283 Illmo.
1543 4227 1574 4283 et
1596 4212 1671 4283 fidei

302 4320 472 4390 defensori.

409 4427 536 4496 Carme.
567 4430 600 4496 in
629 4430 758 4498 Christo
789 4429 809 4497 f.
840 4455 871 4497 n.
901 4431 954 4498 sal.
1005 4431 1092 4498 Sicut
1120 4430 1193 4498 alias
1224 4451 1349 4497 causam
1379 4450 1472 4516 super
1502 4439 1670 4516 praetenso

304 4536 511 4602 matrimonio
535 4537 616 4602 inter
632 4536 830 4604 Maiestatem
846 4535 951 4605 Tuam
976 4555 1007 4603 et
1023 4536 1183 4603 Carmam.
1208 4536 1239 4601 in
1257 4534 1386 4602 Christo
1410 4531 1505 4600 liliam
1528 4543 1671 4600 nostram

303 4640 507 4709 Catherinam
531 4640 666 4729 Angliae
693 4643 835 4729 reginam
860 4653 1024 4710 contracto
1047 4642 1158 4730 legatis
1186 4642 1302 4709 nostris
1327 4638 1366 4708 de
1389 4640 1485 4707 latere
1514 4640 1546 4705 in
1569 4660 1671 4727 regno

303 4761 360 4814 tuo
384 4744 643 4834 cognoscendam
668 4758 699 4814 et
723 4745 946 4828 decidendam,
970 4747 1060 4815 Tuae
1084 4748 1256 4815 Maiestatis
1280 4745 1457 4815 oratoribus
1485 4745 1516 4814 id
1539 4744 1672 4812 nomine

304 4866 360 4920 tuo
377 4852 555 4941 petentibus
580 4870 611 4919 et
627 4851 719 4920 nobis
735 4850 970 4936 affirmantibus,
995 4853 1168 4921 Caesareae
1183 4852 1341 4920 Maiestati
1363 4850 1395 4919 id
1414 4874 1481 4918 non
1493 4849 1672 4938 displicere,

305 4956 345 5026 de
368 4958 596 5026 nonnullorum
622 4959 652 5025 S.
669 4958 705 5026 R.
723 4958 757 5025 E.
782 4956 982 5027 cardinalium
1007 4983 1043 5026 ac
1066 4971 1154 5027 rotae
1178 4957 1358 5027 auditorum
1383 4971 1414 5026 et
1436 4956 1522 5024 aulae
1545 4967 1673 5023 nostrae
