<?xml version="1.0" encoding="UTF-8"?>
<!DOCTYPE html PUBLIC "-//W3C//DTD XHTML 1.0 Transitional//EN"
    "http://www.w3.org/TR/xhtml1/DTD/xhtml1-transitional.dtd">
<html xmlns="http://www.w3.org/1999/xhtml" xml:lang="en" lang="en">
 <head>
  <title>
</title>
<meta http-equiv="Content-Type" content="text/html;charset=utf-8" />
  <meta name='ocr-system' content='tesseract 3.04.00' />
  <meta name='ocr-capabilities' content='ocr_page ocr_carea ocr_par ocr_line ocrx_word'/>
</head>
<body>
  <div class='ocr_page' id='page_1' title='image "./rmischedokument01ehsegoog_0142.png"; bbox 0 0 3842 5592; ppageno 0'>
   <div class='ocr_carea' id='block_1_1' title="bbox 285 334 1657 418">
    <p class='ocr_par' dir='ltr' id='par_1_1' title="bbox 285 334 1657 418">
     <span class='ocr_line' id='line_1_1' title="bbox 285 334 1657 418; baseline 0.002 -22"><span class='ocrx_word' id='word_1_1' title='bbox 285 334 328 397; x_wconf 86' lang='grc'>90</span> <span class='ocrx_word' id='word_1_2' title='bbox 1508 346 1562 400; x_wconf 87' lang='grc' dir='ltr'>Μ1ἰ</span> <span class='ocrx_word' id='word_1_3' title='bbox 1582 361 1657 418; x_wconf 86' lang='lat'>¹5²9·</span> 
     </span>
    </p>
   </div>
   <div class='ocr_carea' id='block_1_2' title="bbox 285 504 1661 5049">
    <p class='ocr_par' dir='ltr' id='par_1_2' title="bbox 285 504 1661 3251">
     <span class='ocr_line' id='line_1_2' title="bbox 285 504 1657 594; baseline -0.001 -19"><span class='ocrx_word' id='word_1_4' title='bbox 285 508 467 575; x_wconf 87' lang='lat' dir='ltr'>tornassino</span> <span class='ocrx_word' id='word_1_5' title='bbox 490 505 518 574; x_wconf 85' lang='lat' dir='ltr'>la</span> <span class='ocrx_word' id='word_1_6' title='bbox 541 508 673 575; x_wconf 82' lang='lat' dir='ltr'>matrina</span> <span class='ocrx_word' id='word_1_7' title='bbox 695 506 753 574; x_wconf 88' lang='lat' dir='ltr'>alle</span> <span class='ocrx_word' id='word_1_8' title='bbox 779 507 826 574; x_wconf 93' lang='lat' dir='ltr'>IX</span> <span class='ocrx_word' id='word_1_9' title='bbox 849 505 939 589; x_wconf 92' lang='lat' dir='ltr'>hore,</span> <span class='ocrx_word' id='word_1_10' title='bbox 963 506 984 573; x_wconf 95' lang='lat' dir='ltr'>il</span> <span class='ocrx_word' id='word_1_11' title='bbox 1000 506 1059 575; x_wconf 90' lang='lat' dir='ltr'>che</span> <span class='ocrx_word' id='word_1_12' title='bbox 1082 506 1189 573; x_wconf 85' lang='lat' dir='ltr'>fecero</span> <span class='ocrx_word' id='word_1_13' title='bbox 1213 517 1245 573; x_wconf 92' lang='lat' dir='ltr'>et</span> <span class='ocrx_word' id='word_1_14' title='bbox 1268 504 1519 594; x_wconf 88' lang='lat' dir='ltr'>presentandosi,</span> <span class='ocrx_word' id='word_1_15' title='bbox 1543 505 1601 574; x_wconf 91' lang='lat' dir='ltr'>che</span> <span class='ocrx_word' id='word_1_16' title='bbox 1624 505 1657 573; x_wconf 85' lang='lat' dir='ltr'>fu</span> 
     </span>
     <span class='ocr_line' id='line_1_3' title="bbox 285 611 1657 695; baseline 0 -16"><span class='ocrx_word' id='word_1_17' title='bbox 285 613 495 694; x_wconf 89' lang='lat' dir='ltr'>hiermattina,</span> <span class='ocrx_word' id='word_1_18' title='bbox 519 636 535 679; x_wconf 89' lang='lat' dir='ltr'>a</span> <span class='ocrx_word' id='word_1_19' title='bbox 559 612 590 679; x_wconf 82' lang='lat' dir='ltr'>S.</span> <span class='ocrx_word' id='word_1_20' title='bbox 607 612 639 680; x_wconf 89' lang='lat' dir='ltr'>S.</span> <span class='ocrx_word' id='word_1_21' title='bbox 664 613 754 682; x_wconf 85' lang='lat' dir='ltr'>Rma.</span> <span class='ocrx_word' id='word_1_22' title='bbox 780 612 852 680; x_wconf 91' lang='lat' dir='ltr'>nell’</span> <span class='ocrx_word' id='word_1_23' title='bbox 876 615 959 682; x_wconf 90' lang='lat' dir='ltr'>uscir</span> <span class='ocrx_word' id='word_1_24' title='bbox 982 613 1022 681; x_wconf 92' lang='lat' dir='ltr'>de</span> <span class='ocrx_word' id='word_1_25' title='bbox 1045 635 1179 695; x_wconf 89' lang='lat' dir='ltr'>camera,</span> <span class='ocrx_word' id='word_1_26' title='bbox 1204 636 1272 680; x_wconf 91' lang='lat' dir='ltr'>essa</span> <span class='ocrx_word' id='word_1_27' title='bbox 1295 635 1362 679; x_wconf 90' lang='lat' dir='ltr'>non</span> <span class='ocrx_word' id='word_1_28' title='bbox 1386 611 1469 680; x_wconf 86' lang='lat' dir='ltr'>disse</span> <span class='ocrx_word' id='word_1_29' title='bbox 1491 612 1551 680; x_wconf 91' lang='lat' dir='ltr'>lor’</span> <span class='ocrx_word' id='word_1_30' title='bbox 1567 612 1657 695; x_wconf 89' lang='lat' dir='ltr'>altro,</span> 
     </span>
     <span class='ocr_line' id='line_1_4' title="bbox 286 717 1658 808; baseline -0.001 -22"><span class='ocrx_word' id='word_1_31' title='bbox 286 743 338 786; x_wconf 87' lang='lat' dir='ltr'>ma</span> <span class='ocrx_word' id='word_1_32' title='bbox 360 717 555 787; x_wconf 86' lang='lat' dir='ltr'>licondusse</span> <span class='ocrx_word' id='word_1_33' title='bbox 578 717 635 785; x_wconf 87' lang='lat' dir='ltr'>alla</span> <span class='ocrx_word' id='word_1_34' title='bbox 650 719 772 787; x_wconf 79' lang='lat' dir='ltr'>Maestl</span> <span class='ocrx_word' id='word_1_35' title='bbox 794 721 891 808; x_wconf 83' lang='lat' dir='ltr'>regia,</span> <span class='ocrx_word' id='word_1_36' title='bbox 915 732 947 788; x_wconf 90' lang='lat' dir='ltr'>et</span> <span class='ocrx_word' id='word_1_37' title='bbox 963 718 1100 788; x_wconf 92' lang='lat' dir='ltr'>essendo</span> <span class='ocrx_word' id='word_1_38' title='bbox 1124 719 1155 786; x_wconf 92' lang='lat' dir='ltr'>S.</span> <span class='ocrx_word' id='word_1_39' title='bbox 1173 719 1264 786; x_wconf 88' lang='lat' dir='ltr'>Rma.</span> <span class='ocrx_word' id='word_1_40' title='bbox 1282 719 1428 805; x_wconf 85' lang='lat' dir='ltr'>Signoria</span> <span class='ocrx_word' id='word_1_41' title='bbox 1451 730 1533 787; x_wconf 85' lang='lat' dir='ltr'>stato</span> <span class='ocrx_word' id='word_1_42' title='bbox 1558 721 1658 807; x_wconf 87' lang='lat' dir='ltr'>prima</span> 
     </span>
     <span class='ocr_line' id='line_1_5' title="bbox 286 824 1659 908; baseline -0.001 -15"><span class='ocrx_word' id='word_1_43' title='bbox 286 825 337 893; x_wconf 92' lang='lat' dir='ltr'>col</span> <span class='ocrx_word' id='word_1_44' title='bbox 360 849 409 907; x_wconf 91' lang='lat' dir='ltr'>re,</span> <span class='ocrx_word' id='word_1_45' title='bbox 436 824 457 892; x_wconf 95' lang='lat' dir='ltr'>li</span> <span class='ocrx_word' id='word_1_46' title='bbox 480 824 548 893; x_wconf 84' lang='lat' dir='ltr'>fece</span> <span class='ocrx_word' id='word_1_47' title='bbox 573 825 745 908; x_wconf 88' lang='lat' dir='ltr'>chiamare,</span> <span class='ocrx_word' id='word_1_48' title='bbox 774 827 845 894; x_wconf 79' lang='lat' dir='ltr'>cioe</span> <span class='ocrx_word' id='word_1_49' title='bbox 872 850 916 893; x_wconf 90' lang='lat' dir='ltr'>m.</span> <span class='ocrx_word' id='word_1_50' title='bbox 940 828 1116 893; x_wconf 87' lang='lat' dir='ltr'>Francesco</span> <span class='ocrx_word' id='word_1_51' title='bbox 1140 850 1158 892; x_wconf 93' lang='lat' dir='ltr'>e</span> <span class='ocrx_word' id='word_1_52' title='bbox 1181 825 1203 892; x_wconf 91' lang='lat' dir='ltr'>il</span> <span class='ocrx_word' id='word_1_53' title='bbox 1225 826 1395 893; x_wconf 86' lang='lat' dir='ltr'>secretario</span> <span class='ocrx_word' id='word_1_54' title='bbox 1425 827 1502 907; x_wconf 91' lang='lat' dir='ltr'>mi0,</span> <span class='ocrx_word' id='word_1_55' title='bbox 1531 824 1615 894; x_wconf 91' lang='lat' dir='ltr'>dove</span> <span class='ocrx_word' id='word_1_56' title='bbox 1639 825 1659 892; x_wconf 95' lang='lat' dir='ltr'>il</span> 
     </span>
     <span class='ocr_line' id='line_1_6' title="bbox 285 931 1657 1021; baseline -0.002 -21"><span class='ocrx_word' id='word_1_57' title='bbox 285 933 381 1001; x_wconf 88' lang='lat' dir='ltr'>Rmo.</span> <span class='ocrx_word' id='word_1_58' title='bbox 404 932 529 999; x_wconf 89' lang='lat' dir='ltr'>trattosi</span> <span class='ocrx_word' id='word_1_59' title='bbox 552 955 569 999; x_wconf 90' lang='lat' dir='ltr'>a</span> <span class='ocrx_word' id='word_1_60' title='bbox 592 944 679 1020; x_wconf 86' lang='lat' dir='ltr'>parte</span> <span class='ocrx_word' id='word_1_61' title='bbox 702 931 810 1015; x_wconf 74' lang='lat' dir='ltr'>loscio,</span> <span class='ocrx_word' id='word_1_62' title='bbox 840 932 898 1000; x_wconf 91' lang='lat' dir='ltr'>che</span> <span class='ocrx_word' id='word_1_63' title='bbox 923 932 942 998; x_wconf 94' lang='lat' dir='ltr'>il</span> <span class='ocrx_word' id='word_1_64' title='bbox 967 956 1000 999; x_wconf 90' lang='lat' dir='ltr'>re</span> <span class='ocrx_word' id='word_1_65' title='bbox 1028 932 1163 1021; x_wconf 87' lang='lat' dir='ltr'>parlasse</span> <span class='ocrx_word' id='word_1_66' title='bbox 1192 931 1274 1013; x_wconf 93' lang='lat' dir='ltr'>loro,</span> <span class='ocrx_word' id='word_1_67' title='bbox 1303 931 1324 998; x_wconf 93' lang='lat' dir='ltr'>il</span> <span class='ocrx_word' id='word_1_68' title='bbox 1346 932 1437 1020; x_wconf 87' lang='lat' dir='ltr'>quale</span> <span class='ocrx_word' id='word_1_69' title='bbox 1460 931 1550 999; x_wconf 90' lang='lat' dir='ltr'>volto</span> <span class='ocrx_word' id='word_1_70' title='bbox 1574 954 1591 998; x_wconf 86' lang='grc'>1</span> <span class='ocrx_word' id='word_1_71' title='bbox 1614 955 1657 997; x_wconf 92' lang='lat' dir='ltr'>m.</span> 
     </span>
     <span class='ocr_line' id='line_1_7' title="bbox 285 1036 1659 1127; baseline -0.001 -22"><span class='ocrx_word' id='word_1_72' title='bbox 285 1038 460 1106; x_wconf 88' lang='lat' dir='ltr'>Francesco</span> <span class='ocrx_word' id='word_1_73' title='bbox 485 1036 584 1105; x_wconf 91' lang='lat' dir='ltr'>disse:</span> <span class='ocrx_word' id='word_1_74' title='bbox 612 1037 688 1105; x_wconf 93' lang='lat' dir='ltr'>Non</span> <span class='ocrx_word' id='word_1_75' title='bbox 713 1040 746 1106; x_wconf 89' lang='lat' dir='ltr'>vi</span> <span class='ocrx_word' id='word_1_76' title='bbox 766 1038 905 1122; x_wconf 92' lang='lat' dir='ltr'>ricorda,</span> <span class='ocrx_word' id='word_1_77' title='bbox 930 1038 1039 1106; x_wconf 87' lang='lat' dir='ltr'>chela</span> <span class='ocrx_word' id='word_1_78' title='bbox 1062 1041 1163 1127; x_wconf 89' lang='lat' dir='ltr'>prima</span> <span class='ocrx_word' id='word_1_79' title='bbox 1186 1037 1272 1106; x_wconf 88' lang='lat' dir='ltr'>volta</span> <span class='ocrx_word' id='word_1_80' title='bbox 1295 1039 1353 1105; x_wconf 88' lang='lat' dir='ltr'>che</span> <span class='ocrx_word' id='word_1_81' title='bbox 1376 1040 1420 1105; x_wconf 92' lang='lat' dir='ltr'>mi</span> <span class='ocrx_word' id='word_1_82' title='bbox 1444 1037 1590 1125; x_wconf 86' lang='lat' dir='ltr'>parlaste,</span> <span class='ocrx_word' id='word_1_83' title='bbox 1614 1039 1659 1104; x_wconf 91' lang='lat' dir='ltr'>mi</span> 
     </span>
     <span class='ocr_line' id='line_1_8' title="bbox 286 1144 1659 1235; baseline -0.001 -23"><span class='ocrx_word' id='word_1_84' title='bbox 286 1144 415 1227; x_wconf 88' lang='lat' dir='ltr'>diceste,</span> <span class='ocrx_word' id='word_1_85' title='bbox 439 1145 498 1212; x_wconf 93' lang='lat' dir='ltr'>che</span> <span class='ocrx_word' id='word_1_86' title='bbox 513 1144 545 1212; x_wconf 90' lang='lat' dir='ltr'>S.</span> <span class='ocrx_word' id='word_1_87' title='bbox 562 1144 683 1213; x_wconf 83' lang='lat' dir='ltr'>Santital</span> <span class='ocrx_word' id='word_1_88' title='bbox 707 1168 758 1213; x_wconf 91' lang='lat' dir='ltr'>era</span> <span class='ocrx_word' id='word_1_89' title='bbox 781 1169 837 1233; x_wconf 92' lang='lat' dir='ltr'>per</span> <span class='ocrx_word' id='word_1_90' title='bbox 859 1144 924 1213; x_wconf 77' lang='lat' dir='ltr'>fare</span> <span class='ocrx_word' id='word_1_91' title='bbox 947 1169 1002 1234; x_wconf 90' lang='lat' dir='ltr'>per</span> <span class='ocrx_word' id='word_1_92' title='bbox 1026 1168 1079 1212; x_wconf 89' lang='lat' dir='ltr'>me</span> <span class='ocrx_word' id='word_1_93' title='bbox 1102 1156 1185 1213; x_wconf 90' lang='lat' dir='ltr'>tutto</span> <span class='ocrx_word' id='word_1_94' title='bbox 1202 1144 1308 1235; x_wconf 89' lang='lat' dir='ltr'>quello</span> <span class='ocrx_word' id='word_1_95' title='bbox 1333 1145 1391 1212; x_wconf 90' lang='lat' dir='ltr'>che</span> <span class='ocrx_word' id='word_1_96' title='bbox 1414 1156 1540 1233; x_wconf 83' lang='lat' dir='ltr'>poteva,</span> <span class='ocrx_word' id='word_1_97' title='bbox 1565 1145 1659 1211; x_wconf 86' lang='lat' dir='ltr'>etiam</span> 
     </span>
     <span class='ocr_line' id='line_1_9' title="bbox 286 1249 1660 1340; baseline -0.002 -21"><span class='ocrx_word' id='word_1_98' title='bbox 286 1251 325 1319; x_wconf 86' lang='lat' dir='ltr'>de</span> <span class='ocrx_word' id='word_1_99' title='bbox 348 1249 545 1340; x_wconf 86' lang='lat' dir='ltr'>plenitudine</span> <span class='ocrx_word' id='word_1_100' title='bbox 568 1253 744 1339; x_wconf 83' lang='lat' dir='ltr'>potestatis,</span> <span class='ocrx_word' id='word_1_101' title='bbox 768 1264 800 1320; x_wconf 90' lang='lat' dir='ltr'>et</span> <span class='ocrx_word' id='word_1_102' title='bbox 816 1253 874 1319; x_wconf 90' lang='lat' dir='ltr'>che</span> <span class='ocrx_word' id='word_1_103' title='bbox 897 1252 919 1318; x_wconf 96' lang='lat' dir='ltr'>il</span> <span class='ocrx_word' id='word_1_104' title='bbox 938 1251 1118 1320; x_wconf 89' lang='lat' dir='ltr'>medesimo</span> <span class='ocrx_word' id='word_1_105' title='bbox 1142 1274 1223 1318; x_wconf 89' lang='lat' dir='ltr'>anco</span> <span class='ocrx_word' id='word_1_106' title='bbox 1248 1252 1293 1317; x_wconf 92' lang='lat' dir='ltr'>mi</span> <span class='ocrx_word' id='word_1_107' title='bbox 1309 1250 1392 1319; x_wconf 91' lang='lat' dir='ltr'>disse</span> <span class='ocrx_word' id='word_1_108' title='bbox 1415 1250 1437 1318; x_wconf 95' lang='lat' dir='ltr'>il</span> <span class='ocrx_word' id='word_1_109' title='bbox 1452 1251 1546 1319; x_wconf 83' lang='lat' dir='ltr'>Rmo.</span> <span class='ocrx_word' id='word_1_110' title='bbox 1565 1251 1660 1318; x_wconf 85' lang='lat' dir='ltr'>Cam-</span> 
     </span>
     <span class='ocr_line' id='line_1_10' title="bbox 286 1356 1660 1446; baseline 0 -22"><span class='ocrx_word' id='word_1_111' title='bbox 286 1358 425 1445; x_wconf 86' lang='lat' dir='ltr'>peggio?</span> <span class='ocrx_word' id='word_1_112' title='bbox 470 1356 674 1425; x_wconf 87' lang='lat' dir='ltr'>Ricordando</span> <span class='ocrx_word' id='word_1_113' title='bbox 697 1358 718 1425; x_wconf 95' lang='lat' dir='ltr'>il</span> <span class='ocrx_word' id='word_1_114' title='bbox 741 1358 851 1446; x_wconf 86' lang='lat' dir='ltr'>luogo,</span> <span class='ocrx_word' id='word_1_115' title='bbox 875 1358 959 1427; x_wconf 90' lang='lat' dir='ltr'>dove</span> <span class='ocrx_word' id='word_1_116' title='bbox 982 1360 1007 1425; x_wconf 92' lang='lat' dir='ltr'>si</span> <span class='ocrx_word' id='word_1_117' title='bbox 1039 1369 1225 1439; x_wconf 86' lang='lat' dir='ltr'>trovaron0,</span> <span class='ocrx_word' id='word_1_118' title='bbox 1254 1369 1285 1425; x_wconf 90' lang='lat' dir='ltr'>et</span> <span class='ocrx_word' id='word_1_119' title='bbox 1313 1356 1342 1424; x_wconf 91' lang='lat' dir='ltr'>le</span> <span class='ocrx_word' id='word_1_120' title='bbox 1371 1358 1605 1425; x_wconf 85' lang='lat' dir='ltr'>circumstantie</span> <span class='ocrx_word' id='word_1_121' title='bbox 1629 1369 1660 1424; x_wconf 89' lang='lat' dir='ltr'>et</span> 
     </span>
     <span class='ocr_line' id='line_1_11' title="bbox 286 1462 1659 1551; baseline 0 -22"><span class='ocrx_word' id='word_1_122' title='bbox 286 1462 387 1546; x_wconf 92' lang='lat' dir='ltr'>modi,</span> <span class='ocrx_word' id='word_1_123' title='bbox 412 1463 470 1531; x_wconf 86' lang='lat' dir='ltr'>che</span> <span class='ocrx_word' id='word_1_124' title='bbox 494 1486 634 1531; x_wconf 84' lang='lat' dir='ltr'>usarono</span> <span class='ocrx_word' id='word_1_125' title='bbox 657 1463 707 1530; x_wconf 87' lang='lat' dir='ltr'>all&#39;</span> <span class='ocrx_word' id='word_1_126' title='bbox 731 1464 820 1532; x_wconf 91' lang='lat' dir='ltr'>hora.</span> <span class='ocrx_word' id='word_1_127' title='bbox 859 1465 962 1532; x_wconf 86' lang='lat' dir='ltr'>Ache</span> <span class='ocrx_word' id='word_1_128' title='bbox 987 1488 1031 1531; x_wconf 90' lang='lat' dir='ltr'>m.</span> <span class='ocrx_word' id='word_1_129' title='bbox 1048 1464 1224 1532; x_wconf 85' lang='lat' dir='ltr'>Francesco</span> <span class='ocrx_word' id='word_1_130' title='bbox 1246 1465 1385 1551; x_wconf 91' lang='lat' dir='ltr'>rispose:</span> <span class='ocrx_word' id='word_1_131' title='bbox 1409 1463 1534 1530; x_wconf 74' lang='lat' dir='ltr'>Sermo,</span> <span class='ocrx_word' id='word_1_132' title='bbox 1559 1486 1603 1544; x_wconf 88' lang='lat' dir='ltr'>re,</span> <span class='ocrx_word' id='word_1_133' title='bbox 1627 1464 1659 1529; x_wconf 95' lang='lat' dir='ltr'>io</span> 
     </span>
     <span class='ocr_line' id='line_1_12' title="bbox 286 1568 1660 1659; baseline 0 -23"><span class='ocrx_word' id='word_1_134' title='bbox 286 1570 330 1636; x_wconf 89' lang='lat' dir='ltr'>mi</span> <span class='ocrx_word' id='word_1_135' title='bbox 354 1570 482 1637; x_wconf 89' lang='lat' dir='ltr'>ricordo</span> <span class='ocrx_word' id='word_1_136' title='bbox 507 1569 527 1636; x_wconf 95' lang='lat' dir='ltr'>il</span> <span class='ocrx_word' id='word_1_137' title='bbox 549 1569 649 1658; x_wconf 87' lang='lat' dir='ltr'>luogo</span> <span class='ocrx_word' id='word_1_138' title='bbox 674 1594 691 1638; x_wconf 94' lang='lat' dir='ltr'>e</span> <span class='ocrx_word' id='word_1_139' title='bbox 715 1570 736 1638; x_wconf 93' lang='lat' dir='ltr'>il</span> <span class='ocrx_word' id='word_1_140' title='bbox 758 1582 870 1659; x_wconf 88' lang='lat' dir='ltr'>tempo</span> <span class='ocrx_word' id='word_1_141' title='bbox 895 1583 926 1638; x_wconf 92' lang='lat' dir='ltr'>et</span> <span class='ocrx_word' id='word_1_142' title='bbox 947 1571 976 1639; x_wconf 90' lang='grc'>11</span> <span class='ocrx_word' id='word_1_143' title='bbox 999 1571 1149 1638; x_wconf 85' lang='lat' dir='ltr'>sustantia</span> <span class='ocrx_word' id='word_1_144' title='bbox 1173 1568 1204 1636; x_wconf 97' lang='lat' dir='ltr'>di</span> <span class='ocrx_word' id='word_1_145' title='bbox 1227 1580 1311 1636; x_wconf 90' lang='lat' dir='ltr'>tutto</span> <span class='ocrx_word' id='word_1_146' title='bbox 1335 1568 1452 1658; x_wconf 81' lang='lat' dir='ltr'>quelle,</span> <span class='ocrx_word' id='word_1_147' title='bbox 1480 1568 1564 1636; x_wconf 89' lang='lat' dir='ltr'>ch&#39;io</span> <span class='ocrx_word' id='word_1_148' title='bbox 1587 1591 1660 1657; x_wconf 92' lang='lat' dir='ltr'>pro·</span> 
     </span>
     <span class='ocr_line' id='line_1_13' title="bbox 286 1674 1661 1765; baseline 0 -23"><span class='ocrx_word' id='word_1_149' title='bbox 286 1677 356 1763; x_wconf 93' lang='lat' dir='ltr'>posi</span> <span class='ocrx_word' id='word_1_150' title='bbox 379 1675 533 1743; x_wconf 85' lang='lat' dir='ltr'>aVostra</span> <span class='ocrx_word' id='word_1_151' title='bbox 555 1676 678 1743; x_wconf 71' lang='lat' dir='ltr'>Maestl</span> <span class='ocrx_word' id='word_1_152' title='bbox 706 1677 738 1743; x_wconf 91' lang='lat' dir='ltr'>in</span> <span class='ocrx_word' id='word_1_153' title='bbox 761 1700 861 1744; x_wconf 91' lang='lat' dir='ltr'>nome</span> <span class='ocrx_word' id='word_1_154' title='bbox 889 1676 920 1745; x_wconf 93' lang='lat' dir='ltr'>di</span> <span class='ocrx_word' id='word_1_155' title='bbox 944 1677 986 1745; x_wconf 92' lang='lat' dir='ltr'>N.</span> <span class='ocrx_word' id='word_1_156' title='bbox 1010 1677 1162 1765; x_wconf 84' lang='lat' dir='ltr'>Signore,</span> <span class='ocrx_word' id='word_1_157' title='bbox 1192 1695 1223 1743; x_wconf 87' lang='lat' dir='ltr'>et</span> <span class='ocrx_word' id='word_1_158' title='bbox 1247 1674 1487 1764; x_wconf 87' lang='lat' dir='ltr'>specialmente,</span> <span class='ocrx_word' id='word_1_159' title='bbox 1516 1674 1575 1742; x_wconf 93' lang='lat' dir='ltr'>che</span> <span class='ocrx_word' id='word_1_160' title='bbox 1599 1675 1661 1742; x_wconf 86' lang='lat' dir='ltr'>Sua</span> 
     </span>
     <span class='ocr_line' id='line_1_14' title="bbox 286 1780 1659 1871; baseline 0 -22"><span class='ocrx_word' id='word_1_161' title='bbox 286 1782 405 1850; x_wconf 80' lang='lat' dir='ltr'>Santitt</span> <span class='ocrx_word' id='word_1_162' title='bbox 428 1805 480 1850; x_wconf 86' lang='lat' dir='ltr'>era</span> <span class='ocrx_word' id='word_1_163' title='bbox 503 1805 559 1870; x_wconf 93' lang='lat' dir='ltr'>per</span> <span class='ocrx_word' id='word_1_164' title='bbox 582 1780 645 1850; x_wconf 85' lang='lat' dir='ltr'>fare</span> <span class='ocrx_word' id='word_1_165' title='bbox 668 1805 724 1871; x_wconf 90' lang='lat' dir='ltr'>per</span> <span class='ocrx_word' id='word_1_166' title='bbox 747 1782 787 1850; x_wconf 90' lang='lat' dir='ltr'>lei</span> <span class='ocrx_word' id='word_1_167' title='bbox 810 1795 893 1852; x_wconf 90' lang='lat' dir='ltr'>tutto</span> <span class='ocrx_word' id='word_1_168' title='bbox 918 1785 968 1851; x_wconf 82' lang='lat' dir='ltr'>eid</span> <span class='ocrx_word' id='word_1_169' title='bbox 992 1782 1103 1851; x_wconf 87' lang='lat' dir='ltr'>cl1&#39;ella</span> <span class='ocrx_word' id='word_1_170' title='bbox 1125 1793 1264 1871; x_wconf 88' lang='lat' dir='ltr'>potesse,</span> <span class='ocrx_word' id='word_1_171' title='bbox 1287 1780 1369 1849; x_wconf 86' lang='lat' dir='ltr'>nella</span> <span class='ocrx_word' id='word_1_172' title='bbox 1391 1781 1482 1870; x_wconf 89' lang='lat' dir='ltr'>quale</span> <span class='ocrx_word' id='word_1_173' title='bbox 1505 1801 1659 1870; x_wconf 89' lang='lat' dir='ltr'>proposta</span> 
     </span>
     <span class='ocr_line' id='line_1_15' title="bbox 287 1886 1659 1978; baseline -0.001 -21"><span class='ocrx_word' id='word_1_174' title='bbox 287 1901 318 1957; x_wconf 90' lang='lat' dir='ltr'>et</span> <span class='ocrx_word' id='word_1_175' title='bbox 340 1888 526 1956; x_wconf 86' lang='lat' dir='ltr'>ambasciata</span> <span class='ocrx_word' id='word_1_176' title='bbox 543 1890 616 1970; x_wconf 87' lang='lat' dir='ltr'>mia,</span> <span class='ocrx_word' id='word_1_177' title='bbox 640 1913 673 1957; x_wconf 89' lang='lat' dir='ltr'>se</span> <span class='ocrx_word' id='word_1_178' title='bbox 697 1891 730 1956; x_wconf 92' lang='lat' dir='ltr'>io</span> <span class='ocrx_word' id='word_1_179' title='bbox 753 1892 877 1958; x_wconf 86' lang='lat' dir='ltr'>mancai</span> <span class='ocrx_word' id='word_1_180' title='bbox 899 1892 931 1958; x_wconf 92' lang='lat' dir='ltr'>in</span> <span class='ocrx_word' id='word_1_181' title='bbox 956 1889 1067 1958; x_wconf 85' lang='lat' dir='ltr'>alcuna</span> <span class='ocrx_word' id='word_1_182' title='bbox 1088 1901 1185 1978; x_wconf 85' lang='lat' dir='ltr'>parte,</span> <span class='ocrx_word' id='word_1_183' title='bbox 1209 1887 1319 1956; x_wconf 81' lang='lat' dir='ltr'>suche</span> <span class='ocrx_word' id='word_1_184' title='bbox 1341 1890 1374 1956; x_wconf 88' lang='lat' dir='ltr'>iu</span> <span class='ocrx_word' id='word_1_185' title='bbox 1391 1911 1458 1954; x_wconf 93' lang='lat' dir='ltr'>non</span> <span class='ocrx_word' id='word_1_186' title='bbox 1475 1886 1551 1955; x_wconf 88' lang='lat' dir='ltr'>dissi</span> <span class='ocrx_word' id='word_1_187' title='bbox 1574 1887 1659 1956; x_wconf 87' lang='lat' dir='ltr'>forse</span> 
     </span>
     <span class='ocr_line' id='line_1_16' title="bbox 286 1993 1659 2083; baseline -0.001 -21"><span class='ocrx_word' id='word_1_188' title='bbox 286 2007 375 2063; x_wconf 90' lang='lat' dir='ltr'>tanto</span> <span class='ocrx_word' id='word_1_189' title='bbox 392 1994 472 2062; x_wconf 89' lang='lat' dir='ltr'>della</span> <span class='ocrx_word' id='word_1_190' title='bbox 487 2007 655 2083; x_wconf 86' lang='lat' dir='ltr'>prontezza</span> <span class='ocrx_word' id='word_1_191' title='bbox 674 1994 746 2063; x_wconf 92' lang='lat' dir='ltr'>dell’</span> <span class='ocrx_word' id='word_1_192' title='bbox 762 1999 870 2064; x_wconf 85' lang='lat' dir='ltr'>animo</span> <span class='ocrx_word' id='word_1_193' title='bbox 896 1997 927 2064; x_wconf 95' lang='lat' dir='ltr'>di</span> <span class='ocrx_word' id='word_1_194' title='bbox 944 1997 1006 2064; x_wconf 86' lang='lat' dir='ltr'>Sua</span> <span class='ocrx_word' id='word_1_195' title='bbox 1020 1995 1216 2064; x_wconf 89' lang='lat' dir='ltr'>Beatitudine</span> <span class='ocrx_word' id='word_1_196' title='bbox 1233 2018 1326 2063; x_wconf 89' lang='lat' dir='ltr'>verso</span> <span class='ocrx_word' id='word_1_197' title='bbox 1350 1993 1378 2061; x_wconf 90' lang='lat' dir='ltr'>la</span> <span class='ocrx_word' id='word_1_198' title='bbox 1393 1995 1515 2063; x_wconf 75' lang='lat' dir='ltr'>Maesti</span> <span class='ocrx_word' id='word_1_199' title='bbox 1531 1995 1659 2077; x_wconf 86' lang='lat' dir='ltr'>Vostra,</span> 
     </span>
     <span class='ocr_line' id='line_1_17' title="bbox 286 2100 1660 2192; baseline 0 -24"><span class='ocrx_word' id='word_1_200' title='bbox 286 2113 405 2190; x_wconf 84' lang='lat' dir='ltr'>quanto</span> <span class='ocrx_word' id='word_1_201' title='bbox 429 2103 474 2167; x_wconf 94' lang='lat' dir='ltr'>mi</span> <span class='ocrx_word' id='word_1_202' title='bbox 488 2124 563 2190; x_wconf 89' lang='lat' dir='ltr'>pare</span> <span class='ocrx_word' id='word_1_203' title='bbox 586 2102 723 2170; x_wconf 89' lang='lat' dir='ltr'>haverne</span> <span class='ocrx_word' id='word_1_204' title='bbox 740 2126 921 2192; x_wconf 84' lang='lat' dir='ltr'>compreso</span> <span class='ocrx_word' id='word_1_205' title='bbox 961 2104 1014 2170; x_wconf 84' lang='lat' dir='ltr'>Ma</span> <span class='ocrx_word' id='word_1_206' title='bbox 1031 2102 1090 2171; x_wconf 90' lang='lat' dir='ltr'>che</span> <span class='ocrx_word' id='word_1_207' title='bbox 1114 2105 1146 2169; x_wconf 95' lang='lat' dir='ltr'>io</span> <span class='ocrx_word' id='word_1_208' title='bbox 1163 2103 1262 2169; x_wconf 88' lang='lat' dir='ltr'>usassi</span> <span class='ocrx_word' id='word_1_209' title='bbox 1277 2113 1387 2191; x_wconf 85' lang='lat' dir='ltr'>questa</span> <span class='ocrx_word' id='word_1_210' title='bbox 1403 2100 1533 2168; x_wconf 82' lang='lat' dir='ltr'>limitata</span> <span class='ocrx_word' id='word_1_211' title='bbox 1556 2100 1660 2168; x_wconf 86' lang='lat' dir='ltr'>forma</span> 
     </span>
     <span class='ocr_line' id='line_1_18' title="bbox 287 2204 1660 2295; baseline -0.001 -21"><span class='ocrx_word' id='word_1_212' title='bbox 287 2205 319 2274; x_wconf 95' lang='lat' dir='ltr'>di</span> <span class='ocrx_word' id='word_1_213' title='bbox 341 2206 463 2295; x_wconf 88' lang='lat' dir='ltr'>parole,</span> <span class='ocrx_word' id='word_1_214' title='bbox 491 2208 542 2295; x_wconf 72' lang='lat' dir='ltr'>gii</span> <span class='ocrx_word' id='word_1_215' title='bbox 565 2231 633 2275; x_wconf 91' lang='lat' dir='ltr'>non</span> <span class='ocrx_word' id='word_1_216' title='bbox 661 2210 706 2276; x_wconf 92' lang='lat' dir='ltr'>mi</span> <span class='ocrx_word' id='word_1_217' title='bbox 728 2208 867 2291; x_wconf 89' lang='lat' dir='ltr'>ricordo,</span> <span class='ocrx_word' id='word_1_218' title='bbox 896 2213 937 2277; x_wconf 76' lang='lat' dir='ltr'>ne</span> <span class='ocrx_word' id='word_1_219' title='bbox 961 2232 1088 2291; x_wconf 86' lang='lat' dir='ltr'>manco,</span> <span class='ocrx_word' id='word_1_220' title='bbox 1119 2208 1191 2276; x_wconf 85' lang='lat' dir='ltr'>ch’il</span> <span class='ocrx_word' id='word_1_221' title='bbox 1214 2209 1309 2277; x_wconf 89' lang='lat' dir='ltr'>Rmo.</span> <span class='ocrx_word' id='word_1_222' title='bbox 1335 2208 1535 2295; x_wconf 87' lang='lat' dir='ltr'>Campeggio</span> <span class='ocrx_word' id='word_1_223' title='bbox 1558 2206 1591 2272; x_wconf 94' lang='lat' dir='ltr'>lo</span> <span class='ocrx_word' id='word_1_224' title='bbox 1615 2204 1660 2273; x_wconf 93' lang='lat' dir='ltr'>di-</span> 
     </span>
     <span class='ocr_line' id='line_1_19' title="bbox 287 2312 1659 2403; baseline 0 -23"><span class='ocrx_word' id='word_1_225' title='bbox 287 2336 385 2380; x_wconf 88' lang='lat' dir='ltr'>cesse.</span> <span class='ocrx_word' id='word_1_226' title='bbox 426 2313 465 2381; x_wconf 90' lang='lat' dir='ltr'>Et</span> <span class='ocrx_word' id='word_1_227' title='bbox 488 2314 541 2403; x_wconf 91' lang='lat' dir='ltr'>qui</span> <span class='ocrx_word' id='word_1_228' title='bbox 563 2312 754 2382; x_wconf 90' lang='lat' dir='ltr'>ricordando</span> <span class='ocrx_word' id='word_1_229' title='bbox 778 2314 844 2382; x_wconf 91' lang='lat' dir='ltr'>l&#39;un</span> <span class='ocrx_word' id='word_1_230' title='bbox 868 2314 970 2383; x_wconf 87' lang='lat' dir='ltr'>l&#39;altro</span> <span class='ocrx_word' id='word_1_231' title='bbox 993 2315 1022 2383; x_wconf 88' lang='lat' dir='ltr'>la</span> <span class='ocrx_word' id='word_1_232' title='bbox 1045 2339 1120 2383; x_wconf 89' lang='lat' dir='ltr'>cosa</span> <span class='ocrx_word' id='word_1_233' title='bbox 1144 2326 1176 2383; x_wconf 91' lang='lat' dir='ltr'>et</span> <span class='ocrx_word' id='word_1_234' title='bbox 1199 2312 1429 2403; x_wconf 87' lang='lat' dir='ltr'>disputandola,</span> <span class='ocrx_word' id='word_1_235' title='bbox 1452 2315 1659 2401; x_wconf 87' lang='lat' dir='ltr'>sopragiunse</span> 
     </span>
     <span class='ocr_line' id='line_1_20' title="bbox 287 2418 1660 2511; baseline 0.001 -26"><span class='ocrx_word' id='word_1_236' title='bbox 287 2418 308 2486; x_wconf 95' lang='lat' dir='ltr'>il</span> <span class='ocrx_word' id='word_1_237' title='bbox 331 2419 486 2488; x_wconf 80' lang='lat' dir='ltr'>cardinale</span> <span class='ocrx_word' id='word_1_238' title='bbox 510 2442 604 2487; x_wconf 92' lang='lat' dir='ltr'>come</span> <span class='ocrx_word' id='word_1_239' title='bbox 632 2421 664 2487; x_wconf 94' lang='lat' dir='ltr'>in</span> <span class='ocrx_word' id='word_1_240' title='bbox 688 2444 841 2490; x_wconf 90' lang='lat' dir='ltr'>soccorso</span> <span class='ocrx_word' id='word_1_241' title='bbox 870 2446 926 2511; x_wconf 89' lang='lat' dir='ltr'>per</span> <span class='ocrx_word' id='word_1_242' title='bbox 948 2422 1069 2490; x_wconf 88' lang='lat' dir='ltr'>ridurre</span> <span class='ocrx_word' id='word_1_243' title='bbox 1093 2446 1110 2489; x_wconf 89' lang='lat' dir='ltr'>a</span> <span class='ocrx_word' id='word_1_244' title='bbox 1134 2422 1290 2489; x_wconf 85' lang='lat' dir='ltr'>memoria</span> <span class='ocrx_word' id='word_1_245' title='bbox 1318 2439 1429 2509; x_wconf 86' lang='lat' dir='ltr'>queste</span> <span class='ocrx_word' id='word_1_246' title='bbox 1458 2418 1576 2508; x_wconf 88' lang='lat' dir='ltr'>parole.</span> <span class='ocrx_word' id='word_1_247' title='bbox 1622 2418 1660 2487; x_wconf 83' lang='lat' dir='ltr'>Et</span> 
     </span>
     <span class='ocr_line' id='line_1_21' title="bbox 287 2524 1660 2617; baseline 0 -25"><span class='ocrx_word' id='word_1_248' title='bbox 287 2524 370 2593; x_wconf 89' lang='lat' dir='ltr'>disse</span> <span class='ocrx_word' id='word_1_249' title='bbox 394 2549 452 2614; x_wconf 96' lang='lat' dir='ltr'>pur</span> <span class='ocrx_word' id='word_1_250' title='bbox 475 2550 551 2594; x_wconf 87' lang='lat' dir='ltr'>am.</span> <span class='ocrx_word' id='word_1_251' title='bbox 567 2527 758 2596; x_wconf 87' lang='lat' dir='ltr'>Fraucesco:</span> <span class='ocrx_word' id='word_1_252' title='bbox 783 2529 860 2597; x_wconf 89' lang='lat' dir='ltr'>Non</span> <span class='ocrx_word' id='word_1_253' title='bbox 883 2531 915 2597; x_wconf 91' lang='lat' dir='ltr'>vi</span> <span class='ocrx_word' id='word_1_254' title='bbox 938 2527 1072 2610; x_wconf 89' lang='lat' dir='ltr'>ricorda,</span> <span class='ocrx_word' id='word_1_255' title='bbox 1096 2527 1155 2596; x_wconf 90' lang='lat' dir='ltr'>che</span> <span class='ocrx_word' id='word_1_256' title='bbox 1177 2526 1306 2617; x_wconf 89' lang='lat' dir='ltr'>quando</span> <span class='ocrx_word' id='word_1_257' title='bbox 1329 2527 1354 2592; x_wconf 91' lang='lat' dir='ltr'>si</span> <span class='ocrx_word' id='word_1_258' title='bbox 1380 2525 1498 2608; x_wconf 88' lang='lat' dir='ltr'>diceva,</span> <span class='ocrx_word' id='word_1_259' title='bbox 1522 2525 1582 2592; x_wconf 91' lang='lat' dir='ltr'>che</span> <span class='ocrx_word' id='word_1_260' title='bbox 1598 2526 1660 2593; x_wconf 86' lang='lat' dir='ltr'>Sua</span> 
     </span>
     <span class='ocr_line' id='line_1_22' title="bbox 288 2630 1660 2725; baseline -0.001 -26"><span class='ocrx_word' id='word_1_261' title='bbox 288 2632 409 2700; x_wconf 79' lang='lat' dir='ltr'>Santitl</span> <span class='ocrx_word' id='word_1_262' title='bbox 431 2631 556 2700; x_wconf 82' lang='lat' dir='ltr'>sarebbe</span> <span class='ocrx_word' id='word_1_263' title='bbox 579 2656 635 2722; x_wconf 91' lang='lat' dir='ltr'>per</span> <span class='ocrx_word' id='word_1_264' title='bbox 659 2634 680 2701; x_wconf 92' lang='lat' dir='ltr'>il</span> <span class='ocrx_word' id='word_1_265' title='bbox 703 2657 736 2701; x_wconf 92' lang='lat' dir='ltr'>re</span> <span class='ocrx_word' id='word_1_266' title='bbox 761 2637 828 2702; x_wconf 91' lang='lat' dir='ltr'>mio</span> <span class='ocrx_word' id='word_1_267' title='bbox 852 2647 935 2703; x_wconf 90' lang='lat' dir='ltr'>tutto</span> <span class='ocrx_word' id='word_1_268' title='bbox 959 2635 1076 2725; x_wconf 64' lang='lat' dir='ltr'>quello</span> <span class='ocrx_word' id='word_1_269' title='bbox 1101 2635 1209 2702; x_wconf 87' lang='lat' dir='ltr'>chesi</span> <span class='ocrx_word' id='word_1_270' title='bbox 1232 2645 1375 2720; x_wconf 86' lang='lat' dir='ltr'>potesse,</span> <span class='ocrx_word' id='word_1_271' title='bbox 1401 2632 1459 2699; x_wconf 79' lang='lat' dir='ltr'>clre</span> <span class='ocrx_word' id='word_1_272' title='bbox 1482 2630 1515 2699; x_wconf 86' lang='lat' dir='ltr'>fu</span> <span class='ocrx_word' id='word_1_273' title='bbox 1539 2630 1660 2699; x_wconf 87' lang='lat' dir='ltr'>dimun-</span> 
     </span>
     <span class='ocr_line' id='line_1_23' title="bbox 287 2736 1658 2830; baseline -0.001 -25"><span class='ocrx_word' id='word_1_274' title='bbox 287 2736 375 2806; x_wconf 85' lang='lat' dir='ltr'>dato:</span> <span class='ocrx_word' id='word_1_275' title='bbox 401 2739 528 2820; x_wconf 90' lang='lat' dir='ltr'>Questo</span> <span class='ocrx_word' id='word_1_276' title='bbox 551 2759 674 2828; x_wconf 88' lang='lat' dir='ltr'>potere,</span> <span class='ocrx_word' id='word_1_277' title='bbox 698 2740 756 2809; x_wconf 89' lang='lat' dir='ltr'>che</span> <span class='ocrx_word' id='word_1_278' title='bbox 780 2742 917 2809; x_wconf 76' lang='lat' dir='ltr'>cosae?</span> <span class='ocrx_word' id='word_1_279' title='bbox 941 2743 967 2808; x_wconf 92' lang='lat' dir='ltr'>si</span> <span class='ocrx_word' id='word_1_280' title='bbox 990 2743 1054 2830; x_wconf 80' lang='lat' dir='ltr'>pud</span> <span class='ocrx_word' id='word_1_281' title='bbox 1078 2764 1133 2829; x_wconf 92' lang='lat' dir='ltr'>per</span> <span class='ocrx_word' id='word_1_282' title='bbox 1157 2740 1206 2807; x_wconf 86' lang='lat' dir='ltr'>via</span> <span class='ocrx_word' id='word_1_283' title='bbox 1230 2738 1261 2806; x_wconf 95' lang='lat' dir='ltr'>di</span> <span class='ocrx_word' id='word_1_284' title='bbox 1285 2739 1411 2821; x_wconf 86' lang='lat' dir='ltr'>iustitia,</span> <span class='ocrx_word' id='word_1_285' title='bbox 1436 2749 1468 2805; x_wconf 93' lang='lat' dir='ltr'>et</span> <span class='ocrx_word' id='word_1_286' title='bbox 1489 2739 1515 2804; x_wconf 91' lang='lat' dir='ltr'>si</span> <span class='ocrx_word' id='word_1_287' title='bbox 1538 2740 1604 2825; x_wconf 80' lang='lat' dir='ltr'>pud</span> <span class='ocrx_word' id='word_1_288' title='bbox 1627 2736 1658 2804; x_wconf 96' lang='lat' dir='ltr'>di</span> 
     </span>
     <span class='ocr_line' id='line_1_24' title="bbox 287 2842 1659 2936; baseline 0 -26"><span class='ocrx_word' id='word_1_289' title='bbox 287 2845 421 2911; x_wconf 78' lang='grc' dir='ltr'><strong>11110ῐί11</strong></span> <span class='ocrx_word' id='word_1_290' title='bbox 445 2863 476 2912; x_wconf 86' lang='grc'>11</span> <span class='ocrx_word' id='word_1_291' title='bbox 500 2843 532 2912; x_wconf 90' lang='lat' dir='ltr'>di</span> <span class='ocrx_word' id='word_1_292' title='bbox 554 2844 704 2934; x_wconf 73' lang='lat' dir='ltr'>podestt3</span> <span class='ocrx_word' id='word_1_293' title='bbox 734 2858 766 2914; x_wconf 90' lang='lat' dir='ltr'>et</span> <span class='ocrx_word' id='word_1_294' title='bbox 782 2847 840 2914; x_wconf 88' lang='lat' dir='ltr'>che</span> <span class='ocrx_word' id='word_1_295' title='bbox 863 2845 896 2914; x_wconf 86' lang='lat' dir='ltr'>fu</span> <span class='ocrx_word' id='word_1_296' title='bbox 919 2848 1069 2935; x_wconf 91' lang='lat' dir='ltr'>risposto,</span> <span class='ocrx_word' id='word_1_297' title='bbox 1094 2847 1125 2912; x_wconf 93' lang='lat' dir='ltr'>in</span> <span class='ocrx_word' id='word_1_298' title='bbox 1142 2845 1320 2936; x_wconf 86' lang='lat' dir='ltr'>qualunque</span> <span class='ocrx_word' id='word_1_299' title='bbox 1344 2842 1444 2911; x_wconf 91' lang='lat' dir='ltr'>modo</span> <span class='ocrx_word' id='word_1_300' title='bbox 1469 2845 1496 2910; x_wconf 90' lang='lat' dir='ltr'>si</span> <span class='ocrx_word' id='word_1_301' title='bbox 1521 2856 1659 2932; x_wconf 89' lang='lat' dir='ltr'>potesse,</span> 
     </span>
     <span class='ocr_line' id='line_1_25' title="bbox 288 2949 1658 3038; baseline -0.001 -22"><span class='ocrx_word' id='word_1_302' title='bbox 288 2949 347 3017; x_wconf 90' lang='lat' dir='ltr'>che</span> <span class='ocrx_word' id='word_1_303' title='bbox 375 2973 442 3017; x_wconf 91' lang='lat' dir='ltr'>non</span> <span class='ocrx_word' id='word_1_304' title='bbox 473 2951 696 3034; x_wconf 85' lang='lat' dir='ltr'>mancarebbe,</span> <span class='ocrx_word' id='word_1_305' title='bbox 724 2951 865 3020; x_wconf 92' lang='lat' dir='ltr'>volendo</span> <span class='ocrx_word' id='word_1_306' title='bbox 894 2952 1100 3035; x_wconf 88' lang='lat' dir='ltr'>concludere,</span> <span class='ocrx_word' id='word_1_307' title='bbox 1131 2953 1205 3033; x_wconf 92' lang='lat' dir='ltr'>che,</span> <span class='ocrx_word' id='word_1_308' title='bbox 1236 2975 1270 3019; x_wconf 89' lang='lat' dir='ltr'>se</span> <span class='ocrx_word' id='word_1_309' title='bbox 1300 2950 1321 3017; x_wconf 91' lang='lat' dir='ltr'>il</span> <span class='ocrx_word' id='word_1_310' title='bbox 1351 2961 1546 3038; x_wconf 92' lang='lat' dir='ltr'>promettere</span> <span class='ocrx_word' id='word_1_311' title='bbox 1575 2961 1658 3018; x_wconf 89' lang='lat' dir='ltr'>tutto</span> 
     </span>
     <span class='ocr_line' id='line_1_26' title="bbox 287 3054 1659 3147; baseline 0.001 -26"><span class='ocrx_word' id='word_1_312' title='bbox 287 3054 393 3143; x_wconf 90' lang='lat' dir='ltr'>quello</span> <span class='ocrx_word' id='word_1_313' title='bbox 417 3056 475 3123; x_wconf 86' lang='lat' dir='ltr'>che</span> <span class='ocrx_word' id='word_1_314' title='bbox 498 3059 563 3145; x_wconf 71' lang='lat' dir='ltr'>pul)</span> <span class='ocrx_word' id='word_1_315' title='bbox 579 3057 620 3125; x_wconf 88' lang='lat' dir='ltr'>N.</span> <span class='ocrx_word' id='word_1_316' title='bbox 638 3058 785 3146; x_wconf 87' lang='lat' dir='ltr'>Signore,</span> <span class='ocrx_word' id='word_1_317' title='bbox 809 3058 936 3127; x_wconf 87' lang='lat' dir='ltr'>include</span> <span class='ocrx_word' id='word_1_318' title='bbox 959 3057 1189 3147; x_wconf 88' lang='lat' dir='ltr'>plenitudinem</span> <span class='ocrx_word' id='word_1_319' title='bbox 1213 3058 1388 3145; x_wconf 90' lang='lat' dir='ltr'>potestatis,</span> <span class='ocrx_word' id='word_1_320' title='bbox 1412 3059 1437 3122; x_wconf 95' lang='lat' dir='ltr'>sl</span> <span class='ocrx_word' id='word_1_321' title='bbox 1454 3059 1472 3123; x_wconf 72' lang='lat' dir='ltr'>le</span> <span class='ocrx_word' id='word_1_322' title='bbox 1488 3054 1558 3123; x_wconf 93' lang='lat' dir='ltr'>loro</span> <span class='ocrx_word' id='word_1_323' title='bbox 1582 3054 1659 3123; x_wconf 93' lang='lat' dir='ltr'>obli·</span> 
     </span>
     <span class='ocr_line' id='line_1_27' title="bbox 287 3159 697 3251; baseline 0.01 -24"><span class='ocrx_word' id='word_1_324' title='bbox 287 3172 358 3248; x_wconf 84' lang='lat' dir='ltr'>gata</span> <span class='ocrx_word' id='word_1_325' title='bbox 382 3159 468 3230; x_wconf 88' lang='lat' dir='ltr'>detta</span> <span class='ocrx_word' id='word_1_326' title='bbox 491 3162 697 3251; x_wconf 91' lang='lat' dir='ltr'>plenitudine.</span> 
     </span>
    </p>

    <p class='ocr_par' dir='ltr' id='par_1_3' title="bbox 286 3267 1659 5049">
     <span class='ocr_line' id='line_1_28' title="bbox 393 3267 1659 3361; baseline -0.001 -26"><span class='ocrx_word' id='word_1_327' title='bbox 393 3267 492 3336; x_wconf 90' lang='lat' dir='ltr'>Onde</span> <span class='ocrx_word' id='word_1_328' title='bbox 520 3292 563 3335; x_wconf 90' lang='lat' dir='ltr'>m.</span> <span class='ocrx_word' id='word_1_329' title='bbox 588 3270 763 3338; x_wconf 83' lang='lat' dir='ltr'>Fraucesco</span> <span class='ocrx_word' id='word_1_330' title='bbox 791 3270 927 3358; x_wconf 79' lang='lat' dir='ltr'>replico:</span> <span class='ocrx_word' id='word_1_331' title='bbox 958 3271 1028 3339; x_wconf 82' lang='lat' dir='ltr'>cue</span> <span class='ocrx_word' id='word_1_332' title='bbox 1056 3294 1119 3338; x_wconf 87' lang='lat' dir='ltr'>con</span> <span class='ocrx_word' id='word_1_333' title='bbox 1146 3282 1266 3361; x_wconf 65' lang='lat' dir='ltr'>queste,</span> <span class='ocrx_word' id='word_1_334' title='bbox 1285 3269 1392 3358; x_wconf 86' lang='lat' dir='ltr'>parole</span> <span class='ocrx_word' id='word_1_335' title='bbox 1420 3291 1523 3356; x_wconf 86' lang='lat' dir='ltr'>venga</span> <span class='ocrx_word' id='word_1_336' title='bbox 1550 3279 1659 3357; x_wconf 85' lang='lat' dir='ltr'>questa</span> 
     </span>
     <span class='ocr_line' id='line_1_29' title="bbox 286 3371 1658 3466; baseline 0 -27"><span class='ocrx_word' id='word_1_337' title='bbox 286 3371 482 3460; x_wconf 88' lang='lat' dir='ltr'>plenitudine</span> <span class='ocrx_word' id='word_1_338' title='bbox 506 3398 527 3442; x_wconf 94' lang='grc'><strong>0</strong></span> <span class='ocrx_word' id='word_1_339' title='bbox 551 3399 629 3459; x_wconf 87' lang='grc'><strong>11011,</strong></span> <span class='ocrx_word' id='word_1_340' title='bbox 654 3396 684 3444; x_wconf 87' lang='grc'>11</span> <span class='ocrx_word' id='word_1_341' title='bbox 708 3377 767 3444; x_wconf 91' lang='lat' dir='ltr'>che</span> <span class='ocrx_word' id='word_1_342' title='bbox 790 3389 900 3466; x_wconf 87' lang='lat' dir='ltr'>questa</span> <span class='ocrx_word' id='word_1_343' title='bbox 923 3378 948 3443; x_wconf 94' lang='lat' dir='ltr'>si</span> <span class='ocrx_word' id='word_1_344' title='bbox 972 3378 1114 3465; x_wconf 85' lang='lat' dir='ltr'>arguisea</span> <span class='ocrx_word' id='word_1_345' title='bbox 1137 3376 1175 3444; x_wconf 87' lang='lat' dir='ltr'>da</span> <span class='ocrx_word' id='word_1_346' title='bbox 1198 3375 1315 3466; x_wconf 91' lang='lat' dir='ltr'>quello,</span> <span class='ocrx_word' id='word_1_347' title='bbox 1343 3398 1410 3442; x_wconf 91' lang='lat' dir='ltr'>non</span> <span class='ocrx_word' id='word_1_348' title='bbox 1434 3374 1602 3463; x_wconf 89' lang='lat' dir='ltr'>disputarei</span> <span class='ocrx_word' id='word_1_349' title='bbox 1625 3374 1658 3439; x_wconf 92' lang='lat' dir='ltr'>io</span> 
     </span>
     <span class='ocr_line' id='line_1_30' title="bbox 288 3477 1659 3573; baseline 0.002 -29"><span class='ocrx_word' id='word_1_350' title='bbox 288 3477 382 3562; x_wconf 88' lang='lat' dir='ltr'>hora;</span> <span class='ocrx_word' id='word_1_351' title='bbox 414 3503 451 3547; x_wconf 92' lang='lat' dir='ltr'>so</span> <span class='ocrx_word' id='word_1_352' title='bbox 474 3480 566 3566; x_wconf 89' lang='lat' dir='ltr'>bene,</span> <span class='ocrx_word' id='word_1_353' title='bbox 591 3481 649 3550; x_wconf 92' lang='lat' dir='ltr'>che</span> <span class='ocrx_word' id='word_1_354' title='bbox 672 3483 705 3550; x_wconf 92' lang='lat' dir='ltr'>io</span> <span class='ocrx_word' id='word_1_355' title='bbox 718 3506 797 3559; x_wconf 69' lang='lat' dir='ltr'>mon</span> <span class='ocrx_word' id='word_1_356' title='bbox 822 3483 939 3552; x_wconf 86' lang='lat' dir='ltr'>haveva</span> <span class='ocrx_word' id='word_1_357' title='bbox 962 3495 1072 3573; x_wconf 88' lang='lat' dir='ltr'>questa</span> <span class='ocrx_word' id='word_1_358' title='bbox 1094 3482 1225 3551; x_wconf 81' lang='lat' dir='ltr'>limitata</span> <span class='ocrx_word' id='word_1_359' title='bbox 1247 3482 1354 3570; x_wconf 80' lang='lat' dir='ltr'>parola</span> <span class='ocrx_word' id='word_1_360' title='bbox 1377 3483 1409 3549; x_wconf 90' lang='lat' dir='ltr'>in</span> <span class='ocrx_word' id='word_1_361' title='bbox 1430 3480 1659 3548; x_wconf 89' lang='lat' dir='ltr'>commissione</span> 
     </span>
     <span class='ocr_line' id='line_1_31' title="bbox 286 3587 1659 3678; baseline 0 -26"><span class='ocrx_word' id='word_1_362' title='bbox 286 3588 329 3652; x_wconf 75' lang='lat' dir='ltr'>ne</span> <span class='ocrx_word' id='word_1_363' title='bbox 351 3604 467 3674; x_wconf 90' lang='lat' dir='ltr'>poteva</span> <span class='ocrx_word' id='word_1_364' title='bbox 491 3587 629 3671; x_wconf 84' lang='lat' dir='ltr'>haverla,</span> <span class='ocrx_word' id='word_1_365' title='bbox 657 3589 790 3676; x_wconf 78' lang='lat' dir='ltr'>perche,</span> <span class='ocrx_word' id='word_1_366' title='bbox 814 3589 941 3678; x_wconf 90' lang='lat' dir='ltr'>quando</span> <span class='ocrx_word' id='word_1_367' title='bbox 969 3592 1001 3656; x_wconf 93' lang='lat' dir='ltr'>io</span> <span class='ocrx_word' id='word_1_368' title='bbox 1025 3590 1104 3677; x_wconf 92' lang='lat' dir='ltr'>parti</span> <span class='ocrx_word' id='word_1_369' title='bbox 1132 3588 1172 3656; x_wconf 85' lang='lat' dir='ltr'>da</span> <span class='ocrx_word' id='word_1_370' title='bbox 1195 3589 1256 3656; x_wconf 83' lang='lat' dir='ltr'>Sua</span> <span class='ocrx_word' id='word_1_371' title='bbox 1280 3588 1414 3669; x_wconf 77' lang='lat' dir='ltr'>Santitl,</span> <span class='ocrx_word' id='word_1_372' title='bbox 1442 3610 1510 3654; x_wconf 92' lang='lat' dir='ltr'>non</span> <span class='ocrx_word' id='word_1_373' title='bbox 1533 3587 1560 3652; x_wconf 91' lang='lat' dir='ltr'>si</span> <span class='ocrx_word' id='word_1_374' title='bbox 1582 3608 1659 3653; x_wconf 89' lang='lat' dir='ltr'>con-</span> 
     </span>
     <span class='ocr_line' id='line_1_32' title="bbox 287 3690 1658 3785; baseline 0 -28"><span class='ocrx_word' id='word_1_375' title='bbox 287 3690 428 3759; x_wconf 86' lang='lat' dir='ltr'>siderava</span> <span class='ocrx_word' id='word_1_376' title='bbox 450 3707 564 3783; x_wconf 90' lang='lat' dir='ltr'>questo</span> <span class='ocrx_word' id='word_1_377' title='bbox 580 3713 698 3783; x_wconf 90' lang='lat' dir='ltr'>punto;</span> <span class='ocrx_word' id='word_1_378' title='bbox 732 3707 763 3764; x_wconf 93' lang='lat' dir='ltr'>et</span> <span class='ocrx_word' id='word_1_379' title='bbox 779 3693 865 3763; x_wconf 90' lang='lat' dir='ltr'>dette</span> <span class='ocrx_word' id='word_1_380' title='bbox 887 3697 942 3785; x_wconf 88' lang='lat' dir='ltr'>pil1</span> <span class='ocrx_word' id='word_1_381' title='bbox 958 3694 1039 3763; x_wconf 90' lang='lat' dir='ltr'>oltre</span> <span class='ocrx_word' id='word_1_382' title='bbox 1063 3694 1162 3762; x_wconf 90' lang='lat' dir='ltr'>molte</span> <span class='ocrx_word' id='word_1_383' title='bbox 1177 3693 1286 3783; x_wconf 91' lang='lat' dir='ltr'>parole</span> <span class='ocrx_word' id='word_1_384' title='bbox 1309 3717 1403 3782; x_wconf 87' lang='lat' dir='ltr'>sopra</span> <span class='ocrx_word' id='word_1_385' title='bbox 1419 3711 1532 3782; x_wconf 90' lang='lat' dir='ltr'>questo</span> <span class='ocrx_word' id='word_1_386' title='bbox 1553 3713 1658 3779; x_wconf 87' lang='lat' dir='ltr'>passo,</span> 
     </span>
     <span class='ocr_line' id='line_1_33' title="bbox 288 3796 1658 3890; baseline -0.001 -27"><span class='ocrx_word' id='word_1_387' title='bbox 288 3796 318 3863; x_wconf 86' lang='lat' dir='ltr'>S.</span> <span class='ocrx_word' id='word_1_388' title='bbox 343 3798 388 3864; x_wconf 92' lang='lat' dir='ltr'>M.</span> <span class='ocrx_word' id='word_1_389' title='bbox 414 3796 510 3866; x_wconf 90' lang='lat' dir='ltr'>disse:</span> <span class='ocrx_word' id='word_1_390' title='bbox 536 3800 635 3889; x_wconf 90' lang='lat' dir='ltr'>Sopra</span> <span class='ocrx_word' id='word_1_391' title='bbox 659 3820 768 3890; x_wconf 89' lang='lat' dir='ltr'>questa</span> <span class='ocrx_word' id='word_1_392' title='bbox 791 3824 956 3889; x_wconf 83' lang='lat' dir='ltr'>promessa</span> <span class='ocrx_word' id='word_1_393' title='bbox 980 3800 1019 3869; x_wconf 91' lang='lat' dir='ltr'>de</span> <span class='ocrx_word' id='word_1_394' title='bbox 1042 3798 1237 3889; x_wconf 85' lang='lat' dir='ltr'>plenitudiue</span> <span class='ocrx_word' id='word_1_395' title='bbox 1262 3801 1293 3866; x_wconf 93' lang='lat' dir='ltr'>io</span> <span class='ocrx_word' id='word_1_396' title='bbox 1317 3799 1450 3888; x_wconf 87' lang='lat' dir='ltr'>spacciai</span> <span class='ocrx_word' id='word_1_397' title='bbox 1472 3797 1493 3864; x_wconf 90' lang='lat' dir='ltr'>il</span> <span class='ocrx_word' id='word_1_398' title='bbox 1516 3799 1573 3863; x_wconf 84' lang='lat' dir='ltr'>Dr.</span> <span class='ocrx_word' id='word_1_399' title='bbox 1591 3796 1658 3863; x_wconf 86' lang='lat' dir='ltr'>Ste-</span> 
     </span>
     <span class='ocr_line' id='line_1_34' title="bbox 287 3902 1658 3994; baseline 0.001 -25"><span class='ocrx_word' id='word_1_400' title='bbox 287 3903 394 3991; x_wconf 86' lang='lat' dir='ltr'>phano</span> <span class='ocrx_word' id='word_1_401' title='bbox 418 3916 450 3972; x_wconf 88' lang='lat' dir='ltr'>et</span> <span class='ocrx_word' id='word_1_402' title='bbox 472 3928 528 3994; x_wconf 92' lang='lat' dir='ltr'>per</span> <span class='ocrx_word' id='word_1_403' title='bbox 551 3904 594 3973; x_wconf 89' lang='lat' dir='ltr'>lui</span> <span class='ocrx_word' id='word_1_404' title='bbox 616 3905 660 3973; x_wconf 92' lang='lat' dir='ltr'>ho</span> <span class='ocrx_word' id='word_1_405' title='bbox 684 3905 867 3975; x_wconf 90' lang='lat' dir='ltr'>dimandato</span> <span class='ocrx_word' id='word_1_406' title='bbox 891 3931 909 3974; x_wconf 89' lang='lat' dir='ltr'>a</span> <span class='ocrx_word' id='word_1_407' title='bbox 931 3907 994 3975; x_wconf 90' lang='lat' dir='ltr'>Sua</span> <span class='ocrx_word' id='word_1_408' title='bbox 1017 3907 1136 3974; x_wconf 76' lang='lat' dir='ltr'>Santitl</span> <span class='ocrx_word' id='word_1_409' title='bbox 1159 3930 1243 3988; x_wconf 84' lang='lat' dir='ltr'>cosa,</span> <span class='ocrx_word' id='word_1_410' title='bbox 1271 3905 1330 3973; x_wconf 92' lang='lat' dir='ltr'>che</span> <span class='ocrx_word' id='word_1_411' title='bbox 1353 3903 1374 3971; x_wconf 94' lang='lat' dir='ltr'>li</span> <span class='ocrx_word' id='word_1_412' title='bbox 1396 3905 1467 3972; x_wconf 89' lang='lat' dir='ltr'>suoi</span> <span class='ocrx_word' id='word_1_413' title='bbox 1491 3902 1658 3971; x_wconf 87' lang='lat' dir='ltr'>medesimi</span> 
     </span>
     <span class='ocr_line' id='line_1_35' title="bbox 287 4007 1658 4102; baseline 0.002 -28"><span class='ocrx_word' id='word_1_414' title='bbox 287 4007 395 4077; x_wconf 89' lang='lat' dir='ltr'>hanno</span> <span class='ocrx_word' id='word_1_415' title='bbox 420 4009 611 4094; x_wconf 84' lang='lat' dir='ltr'>confessato,</span> <span class='ocrx_word' id='word_1_416' title='bbox 636 4013 694 4080; x_wconf 88' lang='lat' dir='ltr'>che</span> <span class='ocrx_word' id='word_1_417' title='bbox 718 4012 757 4081; x_wconf 92' lang='lat' dir='ltr'>de</span> <span class='ocrx_word' id='word_1_418' title='bbox 780 4011 976 4102; x_wconf 90' lang='lat' dir='ltr'>plenitudine</span> <span class='ocrx_word' id='word_1_419' title='bbox 999 4015 1064 4102; x_wconf 79' lang='lat' dir='ltr'>pud</span> <span class='ocrx_word' id='word_1_420' title='bbox 1081 4011 1175 4095; x_wconf 87' lang='lat' dir='ltr'>darla,</span> <span class='ocrx_word' id='word_1_421' title='bbox 1199 4024 1231 4080; x_wconf 93' lang='lat' dir='ltr'>et</span> <span class='ocrx_word' id='word_1_422' title='bbox 1253 4034 1321 4079; x_wconf 93' lang='lat' dir='ltr'>non</span> <span class='ocrx_word' id='word_1_423' title='bbox 1343 4009 1438 4078; x_wconf 85' lang='lat' dir='ltr'>vuole</span> <span class='ocrx_word' id='word_1_424' title='bbox 1461 4009 1658 4092; x_wconf 87' lang='lat' dir='ltr'>concederla,</span> 
     </span>
     <span class='ocr_line' id='line_1_36' title="bbox 288 4115 1658 4208; baseline 0.002 -27"><span class='ocrx_word' id='word_1_425' title='bbox 288 4133 319 4181; x_wconf 90' lang='lat' dir='ltr'>et</span> <span class='ocrx_word' id='word_1_426' title='bbox 341 4115 470 4204; x_wconf 86' lang='lat' dir='ltr'>quando</span> <span class='ocrx_word' id='word_1_427' title='bbox 494 4120 511 4185; x_wconf 80' lang='grc'>1</span> <span class='ocrx_word' id='word_1_428' title='bbox 535 4129 647 4185; x_wconf 89' lang='lat' dir='ltr'>stretto</span> <span class='ocrx_word' id='word_1_429' title='bbox 676 4117 714 4185; x_wconf 91' lang='lat' dir='ltr'>ad</span> <span class='ocrx_word' id='word_1_430' title='bbox 739 4141 903 4187; x_wconf 84' lang='lat' dir='ltr'>osservare</span> <span class='ocrx_word' id='word_1_431' title='bbox 930 4117 1035 4208; x_wconf 90' lang='lat' dir='ltr'>quello</span> <span class='ocrx_word' id='word_1_432' title='bbox 1060 4120 1118 4187; x_wconf 90' lang='lat' dir='ltr'>che</span> <span class='ocrx_word' id='word_1_433' title='bbox 1147 4119 1187 4185; x_wconf 92' lang='lat' dir='ltr'>ha</span> <span class='ocrx_word' id='word_1_434' title='bbox 1214 4140 1393 4206; x_wconf 88' lang='lat' dir='ltr'>promess0,</span> <span class='ocrx_word' id='word_1_435' title='bbox 1422 4116 1506 4198; x_wconf 89' lang='lat' dir='ltr'>dice,</span> <span class='ocrx_word' id='word_1_436' title='bbox 1535 4117 1658 4184; x_wconf 76' lang='lat' dir='ltr'>chene</span> 
     </span>
     <span class='ocr_line' id='line_1_37' title="bbox 287 4220 1658 4315; baseline 0.003 -28"><span class='ocrx_word' id='word_1_437' title='bbox 287 4220 340 4303; x_wconf 91' lang='lat' dir='ltr'>lui,</span> <span class='ocrx_word' id='word_1_438' title='bbox 363 4225 404 4289; x_wconf 79' lang='lat' dir='ltr'>ne</span> <span class='ocrx_word' id='word_1_439' title='bbox 427 4224 498 4289; x_wconf 91' lang='lat' dir='ltr'>suoi</span> <span class='ocrx_word' id='word_1_440' title='bbox 520 4221 651 4290; x_wconf 90' lang='lat' dir='ltr'>l’hanno</span> <span class='ocrx_word' id='word_1_441' title='bbox 673 4246 861 4312; x_wconf 89' lang='lat' dir='ltr'>promess0;</span> <span class='ocrx_word' id='word_1_442' title='bbox 894 4237 925 4293; x_wconf 90' lang='lat' dir='ltr'>et</span> <span class='ocrx_word' id='word_1_443' title='bbox 948 4248 1042 4313; x_wconf 86' lang='lat' dir='ltr'>sopra</span> <span class='ocrx_word' id='word_1_444' title='bbox 1064 4235 1178 4315; x_wconf 87' lang='lat' dir='ltr'>questo</span> <span class='ocrx_word' id='word_1_445' title='bbox 1202 4235 1304 4314; x_wconf 92' lang='lat' dir='ltr'>punto</span> <span class='ocrx_word' id='word_1_446' title='bbox 1328 4223 1368 4291; x_wconf 88' lang='lat' dir='ltr'>ha</span> <span class='ocrx_word' id='word_1_447' title='bbox 1391 4234 1516 4290; x_wconf 89' lang='lat' dir='ltr'>mostro</span> <span class='ocrx_word' id='word_1_448' title='bbox 1540 4246 1557 4289; x_wconf 92' lang='lat' dir='ltr'>a</span> <span class='ocrx_word' id='word_1_449' title='bbox 1580 4221 1658 4291; x_wconf 90' lang='lat' dir='ltr'>detti</span> 
     </span>
     <span class='ocr_line' id='line_1_38' title="bbox 287 4328 1658 4420; baseline 0.001 -27"><span class='ocrx_word' id='word_1_450' title='bbox 287 4329 362 4394; x_wconf 92' lang='lat' dir='ltr'>miei</span> <span class='ocrx_word' id='word_1_451' title='bbox 385 4329 503 4396; x_wconf 90' lang='lat' dir='ltr'>oratori</span> <span class='ocrx_word' id='word_1_452' title='bbox 526 4353 589 4396; x_wconf 89' lang='lat' dir='ltr'>una</span> <span class='ocrx_word' id='word_1_453' title='bbox 611 4328 721 4397; x_wconf 87' lang='lat' dir='ltr'>lettera</span> <span class='ocrx_word' id='word_1_454' title='bbox 744 4329 794 4397; x_wconf 90' lang='lat' dir='ltr'>del</span> <span class='ocrx_word' id='word_1_455' title='bbox 817 4332 912 4399; x_wconf 87' lang='lat' dir='ltr'>Rmo.</span> <span class='ocrx_word' id='word_1_456' title='bbox 938 4331 1150 4420; x_wconf 77' lang='lat' dir='ltr'>Campeggm,</span> <span class='ocrx_word' id='word_1_457' title='bbox 1178 4330 1259 4398; x_wconf 86' lang='lat' dir='ltr'>nella</span> <span class='ocrx_word' id='word_1_458' title='bbox 1282 4329 1371 4420; x_wconf 86' lang='lat' dir='ltr'>quale</span> <span class='ocrx_word' id='word_1_459' title='bbox 1395 4330 1506 4411; x_wconf 88' lang='lat' dir='ltr'>scrive,</span> <span class='ocrx_word' id='word_1_460' title='bbox 1531 4329 1590 4396; x_wconf 90' lang='lat' dir='ltr'>che</span> <span class='ocrx_word' id='word_1_461' title='bbox 1616 4332 1658 4396; x_wconf 74' lang='lat' dir='ltr'>ne</span> 
     </span>
     <span class='ocr_line' id='line_1_39' title="bbox 286 4432 1657 4525; baseline 0.001 -26"><span class='ocrx_word' id='word_1_462' title='bbox 286 4432 344 4515; x_wconf 90' lang='lat' dir='ltr'>lui,</span> <span class='ocrx_word' id='word_1_463' title='bbox 374 4438 414 4501; x_wconf 73' lang='lat' dir='ltr'>ne</span> <span class='ocrx_word' id='word_1_464' title='bbox 437 4458 480 4502; x_wconf 92' lang='lat' dir='ltr'>m.</span> <span class='ocrx_word' id='word_1_465' title='bbox 504 4435 680 4503; x_wconf 86' lang='lat' dir='ltr'>Francesco</span> <span class='ocrx_word' id='word_1_466' title='bbox 709 4436 748 4503; x_wconf 86' lang='lat' dir='ltr'>ha</span> <span class='ocrx_word' id='word_1_467' title='bbox 771 4459 939 4525; x_wconf 91' lang='lat' dir='ltr'>promesso</span> <span class='ocrx_word' id='word_1_468' title='bbox 963 4461 1025 4504; x_wconf 92' lang='lat' dir='ltr'>una</span> <span class='ocrx_word' id='word_1_469' title='bbox 1052 4440 1095 4505; x_wconf 88' lang='grc'>111</span> <span class='ocrx_word' id='word_1_470' title='bbox 1118 4461 1207 4520; x_wconf 90' lang='lat' dir='ltr'>cosa,</span> <span class='ocrx_word' id='word_1_471' title='bbox 1235 4439 1304 4504; x_wconf 87' lang='lat' dir='ltr'>anzi</span> <span class='ocrx_word' id='word_1_472' title='bbox 1332 4436 1391 4504; x_wconf 90' lang='lat' dir='ltr'>che</span> <span class='ocrx_word' id='word_1_473' title='bbox 1420 4458 1545 4523; x_wconf 90' lang='lat' dir='ltr'>sempre</span> <span class='ocrx_word' id='word_1_474' title='bbox 1574 4458 1657 4502; x_wconf 92' lang='lat' dir='ltr'>sono</span> 
     </span>
     <span class='ocr_line' id='line_1_40' title="bbox 287 4541 1658 4630; baseline 0.001 -24"><span class='ocrx_word' id='word_1_475' title='bbox 287 4541 357 4607; x_wconf 89' lang='lat' dir='ltr'>stati</span> <span class='ocrx_word' id='word_1_476' title='bbox 380 4564 473 4630; x_wconf 87' lang='lat' dir='ltr'>supra</span> <span class='ocrx_word' id='word_1_477' title='bbox 495 4541 693 4629; x_wconf 87' lang='lat' dir='ltr'>generalibus</span> <span class='ocrx_word' id='word_1_478' title='bbox 718 4554 749 4610; x_wconf 94' lang='lat' dir='ltr'>et</span> <span class='ocrx_word' id='word_1_479' title='bbox 772 4542 845 4611; x_wconf 87' lang='lat' dir='ltr'>dato</span> <span class='ocrx_word' id='word_1_480' title='bbox 869 4543 992 4630; x_wconf 86' lang='lat' dir='ltr'>parole,</span> <span class='ocrx_word' id='word_1_481' title='bbox 1021 4542 1104 4610; x_wconf 91' lang='lat' dir='ltr'>dove</span> <span class='ocrx_word' id='word_1_482' title='bbox 1127 4567 1195 4610; x_wconf 93' lang='lat' dir='ltr'>non</span> <span class='ocrx_word' id='word_1_483' title='bbox 1218 4545 1262 4610; x_wconf 92' lang='lat' dir='ltr'>sia</span> <span class='ocrx_word' id='word_1_484' title='bbox 1288 4552 1410 4611; x_wconf 84' lang='lat' dir='ltr'>attacco</span> <span class='ocrx_word' id='word_1_485' title='bbox 1435 4552 1506 4622; x_wconf 80' lang='lat' dir='ltr'>etc,</span> <span class='ocrx_word' id='word_1_486' title='bbox 1531 4553 1562 4608; x_wconf 91' lang='lat' dir='ltr'>et</span> <span class='ocrx_word' id='word_1_487' title='bbox 1585 4541 1658 4608; x_wconf 89' lang='lat' dir='ltr'>scri-</span> 
     </span>
     <span class='ocr_line' id='line_1_41' title="bbox 286 4645 1658 4735; baseline -0.001 -23"><span class='ocrx_word' id='word_1_488' title='bbox 286 4669 375 4713; x_wconf 91' lang='lat' dir='ltr'>vono</span> <span class='ocrx_word' id='word_1_489' title='bbox 398 4646 427 4715; x_wconf 91' lang='lat' dir='ltr'>le</span> <span class='ocrx_word' id='word_1_490' title='bbox 450 4646 557 4735; x_wconf 85' lang='lat' dir='ltr'>parole</span> <span class='ocrx_word' id='word_1_491' title='bbox 580 4646 715 4731; x_wconf 90' lang='lat' dir='ltr'>formali,</span> <span class='ocrx_word' id='word_1_492' title='bbox 740 4671 834 4715; x_wconf 90' lang='lat' dir='ltr'>corne</span> <span class='ocrx_word' id='word_1_493' title='bbox 858 4646 976 4716; x_wconf 91' lang='lat' dir='ltr'>dicono</span> <span class='ocrx_word' id='word_1_494' title='bbox 1001 4668 1032 4716; x_wconf 90' lang='lat' dir='ltr'>er</span> <span class='ocrx_word' id='word_1_495' title='bbox 1055 4661 1231 4730; x_wconf 86' lang='lat' dir='ltr'>mostran0,</span> <span class='ocrx_word' id='word_1_496' title='bbox 1255 4671 1307 4714; x_wconf 88' lang='lat' dir='ltr'>ma</span> <span class='ocrx_word' id='word_1_497' title='bbox 1330 4649 1362 4715; x_wconf 95' lang='lat' dir='ltr'>in</span> <span class='ocrx_word' id='word_1_498' title='bbox 1386 4645 1525 4734; x_wconf 86' lang='lat' dir='ltr'>Inglese;</span> <span class='ocrx_word' id='word_1_499' title='bbox 1551 4646 1658 4734; x_wconf 90' lang='lat' dir='ltr'>etqui</span> 
     </span>
     <span class='ocr_line' id='line_1_42' title="bbox 286 4751 1657 4844; baseline -0.001 -26"><span class='ocrx_word' id='word_1_500' title='bbox 286 4751 308 4818; x_wconf 90' lang='lat' dir='ltr'>il</span> <span class='ocrx_word' id='word_1_501' title='bbox 330 4776 364 4820; x_wconf 93' lang='lat' dir='ltr'>re</span> <span class='ocrx_word' id='word_1_502' title='bbox 388 4773 420 4821; x_wconf 89' lang='lat' dir='ltr'>et</span> <span class='ocrx_word' id='word_1_503' title='bbox 443 4755 497 4842; x_wconf 83' lang='lat' dir='ltr'>pilr</span> <span class='ocrx_word' id='word_1_504' title='bbox 519 4753 540 4820; x_wconf 94' lang='lat' dir='ltr'>il</span> <span class='ocrx_word' id='word_1_505' title='bbox 559 4753 714 4822; x_wconf 88' lang='lat' dir='ltr'>cardinale</span> <span class='ocrx_word' id='word_1_506' title='bbox 738 4755 846 4822; x_wconf 85' lang='lat' dir='ltr'>hanno</span> <span class='ocrx_word' id='word_1_507' title='bbox 869 4753 947 4823; x_wconf 87' lang='lat' dir='ltr'>fatto</span> <span class='ocrx_word' id='word_1_508' title='bbox 971 4778 1049 4843; x_wconf 86' lang='lat' dir='ltr'>gran</span> <span class='ocrx_word' id='word_1_509' title='bbox 1073 4754 1199 4844; x_wconf 90' lang='lat' dir='ltr'>querela</span> <span class='ocrx_word' id='word_1_510' title='bbox 1221 4774 1252 4822; x_wconf 89' lang='lat' dir='ltr'>et</span> <span class='ocrx_word' id='word_1_511' title='bbox 1276 4753 1375 4836; x_wconf 86' lang='lat' dir='ltr'>detto,</span> <span class='ocrx_word' id='word_1_512' title='bbox 1400 4752 1458 4820; x_wconf 93' lang='lat' dir='ltr'>che</span> <span class='ocrx_word' id='word_1_513' title='bbox 1482 4774 1550 4818; x_wconf 89' lang='lat' dir='ltr'>non</span> <span class='ocrx_word' id='word_1_514' title='bbox 1574 4773 1657 4818; x_wconf 90' lang='lat' dir='ltr'>sono</span> 
     </span>
     <span class='ocr_line' id='line_1_43' title="bbox 288 4856 1657 4949; baseline 0 -24"><span class='ocrx_word' id='word_1_515' title='bbox 288 4857 327 4925; x_wconf 90' lang='lat' dir='ltr'>da</span> <span class='ocrx_word' id='word_1_516' title='bbox 347 4878 457 4927; x_wconf 89' lang='lat' dir='ltr'>tenere</span> <span class='ocrx_word' id='word_1_517' title='bbox 481 4862 513 4928; x_wconf 93' lang='lat' dir='ltr'>in</span> <span class='ocrx_word' id='word_1_518' title='bbox 536 4861 643 4949; x_wconf 88' lang='lat' dir='ltr'>parole</span> <span class='ocrx_word' id='word_1_519' title='bbox 666 4865 708 4929; x_wconf 80' lang='lat' dir='ltr'>ne</span> <span class='ocrx_word' id='word_1_520' title='bbox 730 4861 763 4927; x_wconf 93' lang='lat' dir='ltr'>in</span> <span class='ocrx_word' id='word_1_521' title='bbox 785 4860 993 4949; x_wconf 83' lang='lat' dir='ltr'>generalibus,</span> <span class='ocrx_word' id='word_1_522' title='bbox 1018 4874 1050 4930; x_wconf 90' lang='lat' dir='ltr'>et</span> <span class='ocrx_word' id='word_1_523' title='bbox 1072 4861 1132 4929; x_wconf 91' lang='lat' dir='ltr'>che</span> <span class='ocrx_word' id='word_1_524' title='bbox 1155 4885 1221 4929; x_wconf 92' lang='lat' dir='ltr'>non</span> <span class='ocrx_word' id='word_1_525' title='bbox 1246 4884 1330 4929; x_wconf 88' lang='lat' dir='ltr'>sono</span> <span class='ocrx_word' id='word_1_526' title='bbox 1353 4860 1480 4928; x_wconf 90' lang='lat' dir='ltr'>termini</span> <span class='ocrx_word' id='word_1_527' title='bbox 1505 4856 1544 4925; x_wconf 98' lang='lat' dir='ltr'>da</span> <span class='ocrx_word' id='word_1_528' title='bbox 1568 4881 1657 4925; x_wconf 89' lang='lat' dir='ltr'>usare</span> 
     </span>
     <span class='ocr_line' id='line_1_44' title="bbox 288 4969 830 5049; baseline 0.007 -18"><span class='ocrx_word' id='word_1_529' title='bbox 288 4969 329 5031; x_wconf 78' lang='lat' dir='ltr'>ne</span> <span class='ocrx_word' id='word_1_530' title='bbox 353 4988 416 5033; x_wconf 91' lang='lat' dir='ltr'>con</span> <span class='ocrx_word' id='word_1_531' title='bbox 440 4990 482 5033; x_wconf 91' lang='lat' dir='ltr'>un</span> <span class='ocrx_word' id='word_1_532' title='bbox 506 4989 551 5049; x_wconf 93' lang='lat' dir='ltr'>re,</span> <span class='ocrx_word' id='word_1_533' title='bbox 575 4971 617 5034; x_wconf 77' lang='lat' dir='ltr'>ne</span> <span class='ocrx_word' id='word_1_534' title='bbox 640 4990 703 5035; x_wconf 91' lang='lat' dir='ltr'>con</span> <span class='ocrx_word' id='word_1_535' title='bbox 727 4969 830 5036; x_wconf 89' lang='lat' dir='ltr'>amici.</span> 
     </span>
    </p>
   </div>
   <div class='ocr_carea' id='block_1_3' title="bbox 0 0 1928 5592">
    <p class='ocr_par' dir='ltr' id='par_1_4' title="bbox 0 0 1928 5592">
     <span class='ocr_line' id='line_1_45' title="bbox 0 0 1928 5592; baseline 0 0"><span class='ocrx_word' id='word_1_536' title='bbox 0 0 1928 5592; x_wconf 95' lang='lat' dir='ltr'> </span> 
     </span>
    </p>
   </div>
  </div>
 </body>
</html>
