3842 5592
310 292 351 353 64
1428 296 1584 355 November
1605 298 1679 369 1528.

414 464 541 545 Questo
569 461 665 529 Rm0.
690 472 721 528 et
748 458 862 541 1111110,
891 461 1067 528 3030133113
1095 459 1135 528 da
1162 480 1272 549 questa
1295 461 1417 527 Maesta
1444 459 1554 527 habbia
1581 462 1679 548 gratia

309 569 388 638 della
412 570 516 636 chiesa
531 568 756 648 Vintoniense‚
779 588 838 655 pur
853 589 921 633 non
944 584 992 633 sta
1014 565 1156 634 resoluto
1179 565 1211 633 di
1233 566 1407 648 accettarla,
1431 590 1465 633 se
1488 568 1589 654 prima
1612 590 1679 633 non

308 674 449 757 intende,
474 674 532 741 che
556 673 587 740 di
604 675 692 740 costa
714 671 757 760 gli
780 673 807 739 si
824 671 964 740 conceda
987 672 1029 740 tal
1052 675 1160 760 gratia,
1185 673 1244 741 che
1261 696 1354 761 possa
1377 671 1495 740 tenerla
1512 696 1575 739 con
1593 696 1679 761 poco

309 781 486 870 dispendi0,
513 778 630 868 perche
658 777 679 844 il
702 777 808 846 valore
839 802 907 845 non
937 782 954 845 ὲ
978 781 1125 866 maggior
1153 777 1184 845 di
1212 779 1317 868 quello
1346 778 1426 846 della
1449 778 1679 860 Dunelmense,

307 890 378 956 3103
404 908 466 975 300
489 885 566 953 libre
589 885 621 953 di
644 896 772 974 queste;
804 889 821 951 ὲ
845 908 921 952 vero
946 884 1055 952 ch'ella
1079 889 1096 952 3
1119 887 1173 974 piit
1196 887 1372 975 propinqua
1396 888 1457 974 qul
1481 898 1512 952 et
1535 885 1587 952 nel
1612 909 1679 952 um·

306 994 401 1063 bilico
416 995 504 1083 quasi
528 992 578 1060 del
593 1014 707 1079 regnu,
731 993 808 1078 perd
825 991 992 1059 volentieri
1015 990 1043 1058 la
1059 993 1209 1079 proporia
1224 1016 1242 1059 a
1257 1011 1377 1081 questa,
1402 990 1460 1058 che
1485 992 1561 1058 hora
1583 993 1679 1073 tiene,

307 1124 366 1190 pur
382 1101 440 1168 che
463 1100 492 1165 la
515 1122 605 1187 spesa
628 1109 740 1185 troppa
763 1120 832 1164 non
854 1096 898 1185 gli
920 1099 1018 1185 gravi,
1046 1110 1077 1166 et
1100 1097 1312 1181 considerato,
1337 1098 1395 1165 che
1420 1101 1436 1164 ὲ
1460 1121 1544 1185 poco
1567 1117 1679 1186 tempo

307 1207 366 1274 che
389 1207 472 1294 pagb
496 1204 524 1270 la
547 1202 749 1293 expeditione
773 1201 812 1270 de
835 1202 863 1269 la
886 1204 1120 1285 Dunelmense,
1150 1222 1180 1271 et
1205 1204 1263 1271 che
1291 1201 1477 1271 accettando
1507 1203 1584 1271 hora
1600 1205 1679 1271 Vin-

307 1313 410 1393 tonia,
439 1310 469 1378 di
493 1333 604 1377 nuovo
627 1312 737 1377 vacari
765 1308 792 1375 la
816 1308 1050 1392 Dunelmense,
1080 1321 1112 1377 et
1136 1332 1191 1398 per
1213 1329 1327 1399 questo
1357 1310 1488 1399 qualche
1517 1308 1593 1377 altra
1616 1309 1680 1377 fara

307 1418 495 1499 mutatione,
518 1417 640 1503 perosi
663 1416 766 1504 putria
788 1427 878 1483 tanto
896 1417 949 1502 piu
973 1438 1104 1503 pensare
1129 1415 1159 1483 di
1176 1415 1242 1483 farli
1266 1415 1372 1483 tutto'l
1387 1418 1511 1502 placere
1535 1436 1565 1484 et
1581 1418 1678 1503 gratia

307 1526 339 1591 in
363 1535 472 1613 questa
495 1521 709 1610 expeditione,
733 1519 899 1589 chefosse
923 1521 1081 1609 possibile,
1106 1540 1137 1589 et
1160 1524 1298 1589 maxime
1322 1521 1459 1589 essendo
1482 1522 1513 1589 S.
1531 1522 1562 1589 S.
1587 1523 1677 1591 Rma.

307 1630 502 1697 benemerita
525 1651 620 1695 come
644 1631 661 1694 e
685 1626 716 1695 di
732 1628 773 1694 N.
791 1628 928 1714 Signore
952 1647 983 1695 et
1007 1627 1047 1695 de
1069 1627 1098 1695 la
1121 1626 1204 1695 Sede
1220 1628 1422 1716 Apostolica3
1451 1628 1510 1694 che
1534 1630 1566 1694 in
1581 1630 1679 1695 verita

307 1737 373 1804 eius
396 1734 556 1822 vigilantia
580 1746 611 1801 et
633 1732 833 1801 solicitudine
857 1733 885 1801 la
908 1732 990 1801 Sede
1009 1732 1195 1822 Apostolica
1218 1736 1271 1823 qui
1296 1746 1326 1801 et
1350 1734 1469 1801 altrove
1494 1746 1540 1802 sta
1563 1757 1679 1801 ancora

307 1842 358 1910 nel
381 1865 440 1908 suo
464 1840 563 1928 grado
588 1852 619 1907 et
643 1839 772 1927 dignita.
818 1841 923 1927 Prego
947 1842 988 1907 V.
1012 1840 1055 1922 S,
1084 1840 1142 1908 che
1167 1842 1256 1928 operi
1287 1863 1349 1907 con
1373 1840 1414 1907 N.
1438 1840 1589 1927 Signore‚
1620 1841 1678 1908 che

307 1972 347 2015 ne
371 1946 479 2014 mandi
507 1946 538 2013 S.
563 1946 594 2013 S.
619 1947 709 2014 Rma.
740 1948 771 2012 in
802 1945 907 2014 buona
937 1959 1024 2034 parte
1055 1957 1220 2028 contenta,
1249 1958 1282 2014 et
1311 1948 1355 2013 sia
1382 1945 1460 2014 fatto
1488 1945 1549 2014 tale
1577 1947 1679 2014 dimo-

306 2055 458 2122 stratione
482 2076 499 2118 a
522 2052 616 2141 quelli
639 2053 720 2134 suoi,
744 2052 803 2119 che
827 2076 867 2120 ne
890 2051 1088 2140 parleranno,
1117 2052 1176 2120 che
1200 2051 1385 2135 intendan0,
1409 2065 1528 2141 quanto
1552 2054 1678 2121 anch'io

307 2158 452 2226 n'habbia
474 2161 592 2247 scripto
617 2158 842 2226 33111311131113.1

412 2265 454 2332 1)1
477 2263 606 2331 Londra
629 2262 650 2330 il
673 2263 704 2332 dl
728 2263 839 2352 d’ogni
862 2266 953 2332 santi.

412 2368 570 2437 Havendo
595 2370 625 2436 di
641 2372 692 2457 gil
715 2381 835 2437 serrato
852 2369 873 2436 il
888 2370 989 2458 plicco
1014 2390 1046 2438 et
1067 2369 1185 2454 datolo,
1209 2383 1322 2459 questo
1339 2371 1435 2439 Rm0.
1451 2381 1482 2437 et
1497 2369 1599 2438 Illmo.
1623 2393 1678 2459 per

307 2477 404 2544 nuovi
424 2477 531 2558 avvisi,
556 2476 614 2543 che
631 2475 670 2542 ha
694 2475 744 2543 dal
760 2476 1009 2544 Cristianissimo
1033 2478 1065 2543 in
1085 2478 1215 2545 materia
1237 2478 1321 2566 pacis
1336 2476 1529 2559 universalis,
1553 2477 1573 2544 il
1589 2477 1678 2566 quale

307 2584 402 2649 niuna
419 2605 493 2649 cosa
517 2605 614 2670 pensa
637 2584 718 2650 circa
742 2584 792 2649 cid
809 2606 902 2649 senza
925 2583 944 2649 il
966 2582 1121 2670 consiglio
1147 2595 1178 2651 et
1194 2606 1353 2650 consenso
1378 2582 1409 2650 di
1433 2595 1542 2672 questa
1557 2584 1678 2652 Maesti

308 2701 339 2756 et
363 2689 457 2756 Rm0.
482 2687 647 2771 cardinale,
678 2708 709 2756 et
732 2712 787 2778 per
811 2689 831 2755 il
855 2688 1012 2757 desiderio
1040 2688 1169 2756 ardente
1193 2689 1251 2756 che
1276 2689 1329 2771 ho,
1354 2688 1412 2756 che
1435 2701 1524 2757 tanto
1549 2688 1630 2756 bene
1652 2690 1678 2755 si

308 2793 451 2862 conduca
474 2818 491 2860 a
514 2793 588 2876 fine,
612 2795 727 2883 poiche
749 2818 806 2883 per
829 2794 938 2864 lettere
962 2794 993 2862 di
1017 2796 1057 2862 V.
1075 2795 1106 2862 S.
1131 2797 1159 2862 ci
1183 2798 1200 2861 ὲ
1224 2795 1323 2863 1110113
1346 2818 1495 2883 speranza
1518 2819 1559 2862 ne
1582 2793 1610 2862 la
1625 2819 1678 2864 ve·

308 2911 383 2967 nuta
406 2897 456 2966 del
479 2900 574 2968 Rm0.
600 2901 767 2982 Generale,
791 2900 831 2968 ha
854 2900 1067 2983 considerato,
1091 2902 1150 2968 che
1166 2902 1334 2969 acciocche
1358 2900 1410 2967 nel
1433 2914 1544 2990 tempo
1569 2901 1628 2969 che
1652 2904 1676 2967 si

306 3016 398 3073 tratta
422 3003 506 3073 detta
529 3029 621 3093 pace,
651 3028 719 3073 non
742 3008 768 3071 si
797 3005 846 3072 dia
869 3029 975 3073 nuova
1002 3008 1132 3074 materia
1154 3030 1172 3073 a
1194 3009 1341 3095 maggior
1370 3030 1497 3094 guerra,
1526 3007 1557 3074 di
1580 3020 1677 3089 sorte,

308 3110 367 3178 che
390 3112 423 3177 in
445 3122 529 3178 tutto
554 3122 586 3178 et
608 3134 665 3199 per
681 3123 763 3179 tutto
787 3114 841 3198 poi
866 3113 891 3178 si
915 3111 1076 3180 confonda
1100 3125 1131 3180 et
1154 3111 1250 3201 perda
1268 3132 1378 3202 questa
1401 3114 1594 3181 intentione:
1618 3113 1677 3180 che

306 3220 386 3283 saria
409 3217 512 3284 molto
534 3218 568 3283 in
591 3219 769 3305 proposit0,
793 3218 852 3285 che
868 3218 931 3285 Sua
946 3218 1065 3286 Santitd
1088 3218 1206 3286 facesse
1230 3220 1376 3287 instantia
1399 3242 1549 3308 appresso
1572 3221 1677 3287 atutti

307 3324 409 3413 questi
438 3324 586 3412 principi,
616 3323 674 3390 che
697 3324 820 3390 intanto
848 3323 956 3391 chesi
983 3336 1075 3393 tratta
1103 3336 1135 3392 et
1158 3324 1311 3413 digerisce
1341 3325 1369 3392 la
1392 3327 1537 3408 materia,
1568 3325 1678 3394 sileant

306 3452 436 3518 prorsus
451 3453 538 3497 arma
562 3441 593 3497 et
616 3430 642 3496 si
666 3429 797 3497 havesse
812 3429 1054 3519 quodammodo
1079 3454 1141 3497 una
1155 3433 1320 3513 sicurezza,
1345 3430 1403 3498 che
1420 3455 1487 3498 non
1511 3432 1537 3498 si
1553 3432 1677 3499 venisse

306 3534 345 3602 ad
368 3560 476 3604 nuove
504 3538 616 3604 iniurie
640 3548 672 3604 et
695 3535 804 3618 danni,
834 3548 866 3604 et
888 3536 966 3604 fatto
994 3549 1106 3626 questo
1135 3535 1344 3605 fundamento
1368 3561 1462 3606 senza
1490 3536 1586 3604 dubio
1610 3561 1676 3604 non

306 3646 376 3709 sara
397 3642 435 3710 da
451 3665 599 3731 sperarne
622 3666 657 3710 se
676 3665 742 3708 non
759 3642 832 3731 quel
853 3640 928 3725 fine,
953 3643 1011 3710 che
1027 3645 1052 3709 si
1076 3641 1219 3710 desidera
1243 3663 1273 3710 et
1290 3643 1349 3711 che
1365 3643 1498 3731 bisogna
1518 3642 1575 3711 alle
1592 3656 1677 3712 tante

307 3747 472 3816 calamitati
503 3747 542 3816 de
574 3749 720 3816 cristiani.
767 3749 808 3815 Di
839 3748 898 3815 che
928 3760 1103 3817 commette
1134 3749 1161 3816 al
1184 3773 1243 3817 suo
1274 3761 1401 3817 oratore
1429 3754 1524 3831 costl,
1550 3750 1609 3817 che
1637 3774 1677 3816 ne

306 3854 382 3941 parli
410 3866 628 3922 strettamente
660 3878 722 3922 con
746 3854 808 3922 Sua
831 3855 965 3937 Santitt,
995 3867 1026 3923 et
1049 3856 1165 3944 perche
1193 3855 1221 3922 la
1244 3879 1318 3922 cosa
1346 3857 1391 3922 mi
1418 3879 1492 3944 pare
1521 3879 1637 3924 ancora
1659 3880 1676 3923 a

306 3983 359 4026 me
383 3960 486 4027 molto
513 3973 673 4048 oportuna
696 3972 727 4028 et
749 3962 934 4043 necessaria,
958 3963 1036 4049 perd
1060 3985 1101 4028 ne
1121 3962 1165 4029 ho
1193 3962 1303 4031 voluto
1326 3961 1390 4029 fare
1413 3974 1518 4030 motto
1543 3963 1617 4030 aV.
1633 3962 1676 4044 S,

306 4065 474 4132 acciocche
497 4065 525 4132 la
548 4090 589 4132 ne
613 4065 709 4133 faccia
732 4089 794 4133 con
817 4067 859 4134 N.
881 4066 1017 4154 Signore
1041 4066 1146 4155 quello
1171 4065 1290 4155 offici0,
1315 4067 1424 4135 ch'ella
1448 4066 1549 4136 iudica
1573 4091 1676 4136 essere

306 4169 333 4236 al
356 4172 535 4259 proposit0,
559 4191 590 4238 et
613 4170 682 4238 allei
706 4170 737 4239 di
761 4172 916 4240 continuo
940 4174 998 4239 mit
1020 4172 1279 4241 raccommando.

411 4276 453 4342 Di
476 4275 604 4343 Londra
626 4276 674 4344 alli
701 4297 719 4343 2
744 4276 774 4344 di
799 4277 974 4346 novembre
1002 4281 1095 4364 1528.

990 4385 1045 4451 Uti
1067 4382 1148 4452 filius
1210 4439 1245 4505 L.
1269 4439 1341 4506 Car.
1366 4439 1570 4528 Campegius.

413 4587 421 4615 ¹
439 4578 491 4631 Die
503 4577 669 4648 Verleihung
690 4578 871 4632 Winchesters
890 4596 924 4632 an
936 4578 1031 4632 Wolse
1070 4580 1108 4649 (in
1127 4580 1394 4649 administrationem)
1414 4582 1529 4653 erlolgte
1548 4583 1585 4634 im
1601 4582 1675 4635 Kon—

305 4650 441 4703 sistorium
464 4666 508 4703 am
527 4649 551 4703 8.
571 4648 645 4702 Febr.
669 4664 743 4721 1529.
780 4649 836 4702 Das
855 4649 958 4703 Bistum
976 4599 1096 4704 Durllam
1119 4651 1206 4706 besass
1225 4651 1346 4706 derselbe
1370 4654 1419 4707 seit
1441 4668 1480 4722 30·
1499 4655 1524 4706 A
1544 4653 1575 4706 ril
1596 4666 1675 4721 1523;

305 4720 344 4773 als
362 4718 530 4790 Nachsolger
544 4719 609 4773 W.'s
633 4720 659 4772 in
678 4718 833 4774 demselben
856 4737 962 4774 nennen
981 4721 1023 4774 die
1041 4720 1110 4775 Acta
1129 4720 1246 4777 Consist.
1270 4732 1346 4777 unter
1364 4723 1427 4778 dem
1451 4739 1492 4777 21.
1533 4724 1587 4778 ebr.
1609 4739 1637 4791 15
1644 4738 1677 4792 30

305 4789 438 4844 Robertus
451 4789 582 4844 Dustarda
602 4790 744 4858 (Cuthbert
763 4790 904 4860 Tunstall),
923 4791 969 4846 der
988 4792 1027 4845 bis
1045 4792 1124 4845 dahin
1144 4793 1256 4847 Bischof
1270 4811 1324 4847 von
1338 4794 1451 4849 London
1470 4810 1599 4865 gewesen
1611 4810 1675 4848 war.

305 4861 341 4913 Es
359 4862 393 4914 ist
412 4862 454 4914 ein
473 4860 577 4927 Irrtum,
596 4878 677 4915 wenn
696 4860 800 4915 Froude
819 4860 885 4915 Hist.
905 4861 937 4915 01
952 4862 992 4915 En
1012 4861 1074 4915 land
1092 4863 1112 4918 1.
1134 4879 1179 4917 101
1202 4865 1318 4934 angiebt,
1338 4865 1452 4937 Wolsey
1471 4866 1538 4919 habe
1558 4864 1599 4918 die
1619 4865 1675 4918 Bis-

305 4935 393 4984 tt'tmer
411 4930 532 4984 Durham
551 4930 604 4985 und
622 4932 792 4987 Winchester
811 4949 842 4986 zu
861 4931 981 5003 gleicher
993 4879 1053 4987 leit
1073 4933 1207 4988 besessen.
