3802 5606
285 332 349 395 234
1170 344 1319 400 Consilium
1339 363 1418 417 super
1437 363 1515 400 eausa
1535 342 1657 417 Angllca.

284 529 377 595 quam
403 528 461 594 pro
478 529 566 574 novo
583 504 795 587 conciliando,
819 504 914 594 idque
938 505 964 570 si
987 527 1054 571 non
1071 506 1194 573 ratione
1211 505 1338 573 honesti
1362 517 1394 573 et
1416 507 1498 587 iusti,
1523 517 1553 571 at
1569 528 1658 571 com-

284 611 373 679 modi
397 612 508 679 saltem
533 625 564 680 et
587 610 722 679 scandali
748 609 885 679 evitandi
909 634 1011 691 causa,
1034 633 1114 700 quae
1137 612 1235 678 multa
1259 612 1332 678 hinc
1357 612 1471 679 exoriri
1494 619 1657 699 possunt¹

391 717 489 799 Quod
507 718 532 783 si
549 717 723 798 obiiciatur,
747 719 921 784 maximum
942 741 980 783 ex
997 719 1153 804 praesenti
1177 718 1383 784 matrimonio
1399 718 1567 784 imminere
1589 718 1657 803 regi

284 837 314 892 et
338 847 439 911 regno
463 823 707 892 incommodum
734 836 765 891 et
788 822 961 911 periculum
986 847 1025 890 ex
1048 846 1099 905 eo,
1128 823 1214 912 quod
1238 847 1293 912 spe
1324 822 1515 891 masculinae
1538 821 1658 889 sobolis

284 930 439 998 destitutis
463 929 598 998 multum
627 929 753 998 allatura
777 943 825 998 est
848 929 1048 998 incommodi
1072 931 1192 998 incerta
1215 932 1385 1013 successio,
1415 930 1454 998 ad
1478 931 1566 997 cuius
1589 953 1659 1017 per-

283 1038 500 1124 petuationem
530 1060 645 1104 omnes
674 1049 782 1105 natura
811 1036 1007 1104 inclinamur.
1055 1037 1155 1119 Quod
1185 1036 1392 1105 contionatur
1420 1039 1513 1105 etiam
1544 1060 1582 1103 ex
1605 1058 1657 1115 en,

283 1142 369 1231 quod
386 1141 532 1211 videntur
555 1141 649 1232 aliqui
665 1143 817 1225 dubitare,
841 1145 865 1209 si
890 1167 945 1211 rex
961 1143 1044 1210 nulla
1068 1142 1125 1209 alia
1141 1141 1231 1231 prole
1246 1144 1354 1211 relicta
1377 1142 1561 1211 decesserit:
1586 1142 1658 1230 quia

284 1251 345 1315 iam
370 1248 546 1317 dubitatum
569 1262 618 1316 est
641 1249 680 1316 de
702 1251 764 1316 hoc
789 1249 1007 1331 matrimonio,
1031 1250 1063 1315 in
1080 1251 1331 1316 controversiam
1356 1251 1461 1317 statim
1485 1247 1658 1316 deducetur

283 1353 365 1421 filiae
388 1355 537 1443 principis
561 1356 719 1423 successio
743 1357 776 1422 in
799 1378 912 1443 regno.
955 1356 1022 1438 Qui
1047 1357 1132 1422 enim
1157 1354 1344 1422 dominandi
1368 1354 1514 1443 cupidine
1538 1366 1569 1422 et
1592 1376 1658 1420 am-

283 1461 403 1529 bitione
419 1461 594 1544 trahuntur,
617 1474 723 1550 aperte
740 1461 856 1544 dicent,
882 1486 920 1529 ex
936 1460 1102 1549 illegitimo
1119 1462 1326 1529 matrimonio
1345 1463 1424 1529 hanc
1448 1473 1553 1528 natam
1578 1482 1658 1539 esse,

284 1581 315 1634 et
338 1569 379 1634 ita
403 1567 575 1635 molientur
594 1591 694 1635 novas
717 1569 856 1636 rationes
879 1569 970 1655 regni
987 1567 1173 1656 occupandi,
1198 1581 1391 1657 quapropter
1405 1567 1575 1634 verisimile
1599 1579 1658 1644 est,

284 1674 392 1739 omnia
419 1673 555 1741 tumultu
579 1687 611 1741 et
640 1674 797 1741 seditione
825 1672 1010 1741 laboratura.
1057 1674 1229 1762 Propterea
1258 1693 1291 1741 ut
1321 1675 1476 1741 evitemus
1505 1671 1585 1738 hanc
1609 1694 1659 1737 ea·

283 1777 418 1866 rybdim,
443 1779 601 1867 expedire,
626 1792 660 1848 ut
675 1803 729 1848 rex
752 1780 844 1847 aliam
861 1779 954 1847 ducat
977 1803 1123 1859 uxorem,
1148 1804 1186 1847 ex
1202 1803 1262 1869 qua
1281 1780 1435 1867 susceptis
1458 1777 1529 1844 filiis
1546 1776 1658 1845 cadent

283 1898 315 1952 et
338 1904 487 1953 corruent
511 1908 625 1953 omnes
650 1886 707 1953 hae
733 1884 941 1969 difficultates,
973 1900 1005 1954 et
1028 1888 1200 1955 constituta
1222 1887 1406 1975 posteritate
1430 1908 1566 1973 regnum
1589 1907 1659 1971 per-

284 2005 376 2079 petua
399 1990 518 2060 fruetur
542 1992 762 2081 tranquillitate
787 2007 817 2060 et
840 2016 926 2081 pace.
966 1991 1131 2060 Eiusmodi
1155 1992 1362 2060 incommoda
1387 2016 1459 2060 cum
1485 1990 1657 2058 maioribus

284 2100 377 2165 etiam
402 2097 513 2165 studiis
536 2097 685 2186 fugienda
707 2110 795 2181 sunt,
825 2123 890 2189 quo
915 2099 1097 2167 clarioribus
1121 2099 1274 2187 exemplis
1304 2100 1476 2187 superioris
1499 2099 1617 2178 aetatis,
1641 2120 1658 2161 a

283 2202 404 2270 filiabus
427 2204 557 2271 Henrici
582 2206 664 2272 tertii
688 2206 821 2294 sumptis
846 2204 885 2273 de
905 2207 966 2273 boc
990 2205 1213 2273 admonemur.
1260 2206 1368 2294 ltaque
1392 2228 1444 2272 eas
1468 2204 1658 2272 calamitates

284 2331 315 2377 et
339 2312 508 2393 vastitates,
532 2334 608 2400 quas
630 2323 699 2379 tum
723 2335 812 2400 passa
835 2323 882 2380 est
905 2312 1030 2399 Anglia,
1062 2313 1206 2381 evitaturi
1229 2312 1291 2380 hoe
1313 2310 1470 2381 beneficio
1494 2311 1570 2377 novi
1594 2332 1658 2376 ma·

283 2416 425 2483 trimonii
448 2429 519 2485 tuto
543 2419 587 2485 uti
611 2440 791 2506 possumus.

390 2540 486 2608 Certe
509 2542 535 2607 si
558 2565 663 2609 rerum
689 2555 821 2610 eventus
845 2566 881 2610 ea
900 2541 1046 2611 felicitate
1070 2566 1130 2610 nos
1154 2563 1426 2632 consequerentur
1450 2554 1481 2609 et
1505 2542 1546 2608 ita
1569 2539 1658 2607 facile

284 2646 500 2730 succederent,
525 2671 619 2737 quam
643 2648 731 2716 facile
748 2651 884 2737 concipi,
909 2648 970 2716 dici
993 2661 1045 2717 aut
1061 2649 1218 2738 designari
1243 2659 1388 2737 possunt,
1412 2648 1509 2714 multa
1534 2660 1566 2714 et
1589 2644 1657 2712 lieri

284 2751 414 2821 feliciter
444 2766 475 2821 et
504 2756 580 2822 citra
607 2756 795 2843 sanguinem
825 2768 856 2823 et
885 2755 1064 2843 pulverem,
1087 2769 1122 2824 ut
1145 2755 1196 2824 ille
1225 2758 1281 2837 ait,
1309 2755 1454 2823 attentari
1479 2750 1657 2842 (possent),

283 2881 363 2947 quae
386 2861 516 2926 rationis
540 2861 684 2928 examine
708 2874 740 2929 et
762 2863 929 2929 ratiocinio
953 2865 1069 2930 mentis
1093 2861 1231 2930 discussa
1255 2861 1448 2929 obstructam
1472 2859 1658 2947 plerumque

284 2963 322 3031 ad
345 2963 426 3031 bene
454 2964 613 3052 agendum
643 2969 809 3035 inveniunt
832 2969 932 3050 viam,
962 2970 1100 3036 maxime
1128 2967 1180 3035 ubi
1204 2968 1329 3049 subeat,
1359 2990 1453 3056 quam
1477 2968 1595 3032 incerta
1619 2965 1658 3030 sit

283 3069 461 3139 futurorum
486 3072 632 3138 omnium
656 3074 747 3156 rati0,
777 3085 807 3140 et
831 3097 925 3163 quam
949 3097 1042 3163 saepe
1071 3074 1128 3142 sibi
1153 3075 1227 3162 ipsis
1255 3073 1403 3141 homines
1431 3071 1509 3138 falso
1533 3092 1657 3158 persua-

284 3178 378 3244 deant
394 3196 555 3259 eventura,
579 3201 785 3268 quaecunque
808 3181 903 3246 nimis
926 3179 1017 3248 avide
1041 3182 1180 3269 cupiunt.
1227 3179 1290 3247 Sed
1314 3179 1428 3246 utalia
1452 3176 1548 3245 multa
1572 3199 1657 3243 nunc

284 3284 441 3366 omittam,
465 3306 545 3372 quae
561 3307 653 3373 supra
676 3287 848 3373 attigimus,
872 3285 947 3374 quid
971 3286 1101 3354 tandem
1118 3310 1236 3377 quaeso
1262 3299 1319 3369 est,
1343 3284 1430 3375 quod
1451 3284 1569 3352 devita
1592 3306 1657 3363 sua,

283 3391 422 3476 reginae,
446 3402 477 3458 et
501 3388 540 3457 de
563 3389 634 3458 filiis
657 3391 715 3458 sibi
742 3391 908 3480 pollicetur
930 3394 1009 3460 rex?
1053 3394 1141 3460 Num
1165 3412 1199 3461 ut
1223 3412 1269 3461 est
1299 3391 1577 3480 prudentissimus,
1602 3389 1658 3455 ob·

282 3493 354 3562 litus
378 3508 435 3578 est,
460 3495 535 3563 dnm
553 3521 587 3565 se
611 3521 720 3586 regem
737 3498 892 3587 intelligit,
917 3500 1084 3567 hominem
1108 3511 1215 3567 tamen
1233 3500 1322 3566 esse?
1368 3496 1455 3580 Quid
1473 3519 1549 3565 vero
1572 3496 1658 3583 prin-

283 3602 352 3688 cipe
375 3625 452 3669 vero
477 3621 508 3670 et
537 3603 620 3671 claro
644 3605 713 3672 viro
737 3603 879 3692 dignius,
908 3629 1002 3695 quam
1026 3605 1102 3673 dum
1131 3605 1310 3674 futurorum
1333 3604 1403 3693 plus
1427 3604 1521 3670 nimis
1548 3603 1658 3669 anxius

284 3719 315 3775 et
338 3707 490 3776 sollicitus
514 3723 572 3791 est,
596 3712 772 3798 praesentia
796 3723 982 3779 contemnat
1006 3725 1036 3780 et
1060 3713 1235 3801 pessumire
1259 3711 1439 3799 permittat?
1463 3707 1553 3797 (sic).
1590 3707 1657 3775 Cur

283 3814 389 3900 potius
413 3837 480 3881 non
503 3830 610 3904 potest
634 3839 688 3885 rex
707 3819 859 3905 cogitare,
882 3817 1001 3885 facilius
1025 3821 1153 3886 evenire
1176 3841 1281 3906 posse,
1306 3830 1340 3884 ut
1363 3817 1471 3904 regina
1494 3837 1528 3881 se
1551 3836 1658 3901 super-

283 3919 356 3986 stite
379 3938 508 3988 naturae
525 3921 691 4005 concedat,
715 3947 780 4013 quo
801 3947 874 3992 casu
897 3924 1086 3993 adveniente
1104 3923 1298 3992 consolidata
1324 3935 1429 3990 essent
1445 3922 1658 3990 conscientiae

283 4024 422 4108 vulnera,
447 4025 720 4114 dispensationum
745 4053 817 4097 cura
834 4030 960 4098 caderet
983 4050 1075 4119 atque
1099 4032 1131 4097 in
1149 4042 1314 4119 utramque
1337 4051 1443 4095 aurem
1462 4027 1658 4095 dormientes

284 4153 450 4218 possemus
479 4135 618 4217 nomini,
647 4134 786 4219 affectui,
815 4138 991 4225 posteritati
1020 4149 1051 4205 et
1074 4159 1176 4224 regno
1200 4135 1376 4204 consulere.
1423 4132 1511 4216 Quid
1539 4155 1658 4221 quaeso

284 4248 342 4319 est,
366 4237 452 4327 quod
468 4239 617 4308 Maiestas
634 4241 695 4308 Sua
719 4240 759 4309 de
774 4240 846 4309 liliis
863 4242 974 4310 exalia
991 4266 1090 4310 uxore
1106 4241 1164 4309 sibi
1181 4240 1385 4330 polliceatur?
1426 4240 1512 4308 Num
1530 4249 1657 4326 experta

285 4354 332 4410 est
356 4344 437 4412 hanc
466 4345 622 4429 sterilem,
651 4370 729 4414 num
753 4347 921 4416 orbitatem
951 4372 1034 4436 pene
1063 4350 1095 4415 in
1120 4349 1176 4415 bac
1204 4348 1322 4415 sentit?
1368 4346 1470 4427 Num,
1499 4367 1578 4433 quae
1602 4367 1658 4410 sua

391 4563 400 4594 ¹
419 4556 463 4611 Ob
481 4557 555 4611 wohl
575 4557 687 4623 Fronde,
706 4560 753 4613 der
771 4561 827 4614 sich
847 4561 873 4613 in
893 4562 1119 4644 Anstrengungen
1139 4561 1285 4614 uberbietet
1305 4559 1379 4627 (The
1398 4558 1515 4612 Divorce
1534 4555 1566 4609 os
1577 4555 1658 4609 Cath.

284 4625 316 4678 of
332 4627 441 4697 Aragon
463 4643 493 4696 54
512 4630 573 4699 sq),
597 4629 639 4682 die
653 4630 784 4684 Versnnui
806 4647 861 4701 ung
878 4631 1018 4685 Heinrichs
1037 4641 1084 4685 nnt
1104 4630 1179 4704 Mary
1202 4631 1266 4684 Bole
1287 4648 1312 4695 n,
1332 4630 1484 4683 Schwester
1502 4627 1549 4681 der
1567 4626 1655 4691 Anna,

284 4713 331 4750 aus
350 4696 397 4751 der
409 4697 482 4751 Welt
501 4717 532 4751 zu
545 4699 672 4766 schamen,
692 4701 744 4754 und
759 4647 841 4755 daber
859 4701 901 4754 die
920 4702 1087 4756 zahlreichen
1100 4702 1244 4785 Zeugnisse
1263 4651 1435 4755 driedmanns
1451 4699 1540 4766 (Anne
1553 4696 1658 4768 Boleyn

285 4766 317 4821 ll,
337 4766 459 4839 Append.
479 4768 551 4823 Note
570 4770 602 4836 B)
622 4771 670 4824 mit
688 4771 904 4841 Stillscbweigen
923 4770 1006 4839 suan,
1026 4772 1109 4826 bereit
1129 4789 1185 4825 sem
1205 4771 1283 4833 wird,
1306 4788 1352 4824 aus
1372 4769 1569 4824 vorstehenden
1588 4768 1657 4820 llus-

285 4838 502 4892 einandersetzun
524 4856 558 4893 en
577 4841 619 4894 die
632 4840 820 4913 Folgerungen
840 4860 872 4896 au
891 4842 993 4909 ziehen,
1012 4843 1054 4896 die
1074 4860 1102 4897 er
1120 4842 1202 4896 selbst
1221 4840 1249 4907 (l¹
1264 4859 1286 4895 c.
1303 4842 1387 4911 57l58)
1407 4838 1536 4894 aufstelltl
1565 4838 1658 4908 Vergl.

285 4907 337 4961 den
355 4908 425 4962 Text
444 4909 491 4963 der
536 4911 642 4982 ispense
661 4911 702 4965 tiu
720 4912 752 4968 Η,
772 4914 820 4966 mit
839 4914 871 4968 Α,
886 4913 914 4967 B.
934 4914 1004 4967 oben
1024 4913 1049 4967 S.
1067 4930 1110 4982 35:
1131 4913 1202 4985 quod
1221 4912 1350 4966 eiusmodi
1371 4910 1527 4965 affinitatem
1546 4926 1578 4963 ex
1598 4925 1657 4978 per-

285 4995 352 5031 sona
370 4986 414 5032 tua
434 4990 569 5033 causatam
589 4980 725 5053 allegetur.
