3842 5592
306 282 368 345 100
1520 294 1580 370 Juni
1601 314 1677 369 15²9·

303 458 561 538 Cristianissimo,
590 456 635 523 mi
662 454 764 523 rendo
793 468 892 538 certo,
920 455 979 523 che
1004 456 1121 524 Vostra
1144 454 1291 546 Signoria
1321 459 1374 546 pili
1401 458 1676 547 particulnrmente

301 563 444 647 intenda‚
476 566 509 631 in
537 561 596 629 che
626 563 763 630 termine
793 565 811 628 l
840 562 869 629 la
902 585 985 630 cosa.
1039 562 1063 630 Il
1093 566 1263 632 secretario
1294 563 1500 646 Fiandrense,
1532 565 1590 632 che
1620 588 1676 654 per

301 695 344 739 m.
368 672 543 737 Francesco
567 669 670 736 scrissi
700 691 752 735 era
774 669 903 756 giunto,
934 670 1058 735 ritomd
1086 671 1137 757 gil
1160 693 1244 737 sono
1273 669 1376 738 alcuni
1403 672 1508 758 giomi
1538 683 1569 738 et
1591 672 1675 739 disse

299 776 339 845 ad
362 776 464 844 alcuni
487 777 551 864 qui,
574 774 633 842 che
656 797 795 862 sperava‚
819 773 848 841 le
873 798 948 842 cose
971 773 1051 843 della
1074 799 1150 864 pace
1173 775 1409 864 passarebbono
1432 775 1524 844 bene.

403 882 473 950 Alla
497 905 552 949 sua
575 880 606 949 di
629 882 674 948 VI
698 904 764 948 non
788 881 901 949 accade
924 880 1000 949 altra
1024 882 1174 970 risposta3
1197 906 1232 951 se
1256 883 1350 966 colui,
1375 882 1424 951 del
1448 885 1498 950 cui
1521 885 1674 950 interesse

298 993 324 1058 si
346 1003 455 1072 tratta,
485 989 676 1077 comperiri,
707 987 865 1055 oalcuno
888 1010 945 1076 per
968 986 1027 1070 lui,
1059 1011 1125 1056 non
1150 991 1300 1056 mancard
1329 988 1358 1058 di
1384 990 1523 1078 seguire,
1553 1004 1673 1078 quanto

297 1098 415 1166 Vostra
429 1097 576 1184 Signoria
598 1097 644 1161 mi
659 1106 845 1177 commone,
869 1107 901 1162 et
923 1096 956 1162 in
979 1094 1021 1163 tal
1043 1098 1172 1163 materia
1195 1119 1262 1163 non
1279 1097 1323 1162 mi
1346 1118 1429 1163 sono
1446 1097 1578 1184 capitote
1597 1094 1673 1163 altre

297 1229 353 1272 sue
376 1203 497 1272 lettere.

402 1311 448 1377 Mi
472 1309 608 1398 dispiace
632 1307 735 1375 molto
759 1306 924 1375 intendere
953 1308 984 1376 di
1007 1306 1101 1397 quelli
1125 1307 1228 1376 dolori
1252 1307 1284 1375 di
1306 1309 1348 1376 N.
1371 1309 1524 1396 Signore,
1555 1319 1587 1375 et
1610 1331 1672 1375 con

296 1418 395 1485 molta
417 1418 480 1484 mia
504 1414 724 1483 consolatione
748 1413 820 1482 lessi
843 1413 975 1481 l'ultima
997 1426 1085 1503 parte
1108 1413 1148 1482 de
1176 1413 1205 1481 la
1227 1437 1282 1481 sua
1305 1414 1415 1482 ultima
1439 1413 1469 1482 di
1493 1414 1583 1496 VIII,
1615 1438 1671 1502 per

294 1523 323 1591 la
346 1522 437 1613 quale
464 1524 598 1604 scrivea,
630 1521 688 1589 che
718 1543 815 1589 erano
839 1522 951 1589 cessati
979 1534 1011 1589 et
1034 1520 1092 1588 che
1115 1521 1178 1588 Sua
1201 1521 1321 1588 Santita
1348 1534 1434 1588 stava
1462 1520 1582 1609 meglio
1613 1520 1672 1589 che

295 1632 358 1698 mai
382 1628 466 1697 fusse
489 1641 582 1697 stato.
628 1626 719 1695 Iddio
742 1627 869 1696 laudato
892 1650 1019 1716 sempre
1042 1626 1093 1695 del
1116 1639 1210 1695 tutto.

401 1736 468 1818 Qui
492 1739 509 1802 ὲ
532 1736 645 1823 giunto
668 1757 712 1801 un
735 1732 936 1822 gentilhomo
960 1731 1098 1815 Polono,
1122 1733 1181 1800 che
1203 1734 1324 1801 ritorna
1346 1757 1364 1800 a
1387 1734 1504 1801 servitu
1528 1732 1580 1802 del
1602 1735 1672 1802 Cri·

295 1843 487 1910 stianissimo
512 1855 544 1909 et
568 1845 584 1909 ὲ
609 1852 747 1928 cognato
772 1839 847 1907 d'un
871 1839 975 1906 Lasko
999 1839 1167 1926 Unghero‚
1192 1838 1212 1905 il
1234 1838 1325 1928 quale
1350 1842 1367 1906 ὲ
1390 1852 1473 1907 stato
1497 1864 1515 1907 a
1535 1840 1670 1908 Costan-

294 1948 429 2037 tinopoIi
452 1971 508 2036 per
524 1946 544 2013 il
568 1969 601 2014 re
619 1946 795 2029 Giovanni3
819 1947 921 2013 costui
937 1944 1086 2027 riferisce,
1110 1945 1197 2033 dopo
1221 1944 1320 2012 lasua
1343 1947 1454 2033 partita
1473 1945 1568 2014 havet
1587 1947 1669 2014 visto

294 2054 404 2123 lettera
428 2053 458 2121 di
487 2077 561 2120 man
593 2053 720 2141 propria
743 2050 793 2118 del
816 2051 934 2133 Lasko,
965 2050 1072 2139 peria
1095 2050 1185 2140 quale
1216 2052 1350 2134 scrivea,
1374 2052 1433 2119 che
1457 2050 1478 2118 il
1500 2051 1610 2119 Turco
1639 2066 1669 2120 et

293 2159 400 2228 tutto’l
422 2183 481 2227 suo
506 2160 645 2226 exercito
669 2159 772 2226 avanti
795 2156 823 2224 la
847 2159 958 2246 partita
981 2156 1012 2225 di
1035 2156 1124 2225 detto
1148 2157 1252 2225 Iaslro
1276 2157 1316 2225 da
1335 2158 1594 2247 Costantinopoli
1617 2182 1669 2226 era

293 2267 345 2354 gia
367 2267 486 2334 inviato
511 2288 574 2333 con
599 2284 662 2332 200
686 2263 759 2331 mila
783 2263 906 2330 homini
931 2262 970 2330 da
991 2261 1057 2331 fatti
1075 2275 1107 2330 et
1130 2263 1188 2331 che
1212 2263 1388 2332 deliberava
1411 2265 1584 2333 mandarne
1608 2289 1670 2333 una

293 2384 380 2460 parte
404 2384 435 2440 et
457 2371 486 2439 la
509 2373 634 2439 minore
658 2372 690 2437 in
713 2369 878 2458 Ungheria
901 2381 933 2437 et
956 2368 1007 2436 col
1029 2381 1115 2437 resto
1139 2393 1195 2458 per
1219 2368 1280 2438 due
1303 2372 1353 2438 vie
1376 2352 1522 2438 assiltare
1545 2370 1669 2438 laGer·

294 2479 408 2560 mania,
433 2490 464 2545 et
488 2475 560 2544 ch’il
575 2475 686 2543 Turco
711 2476 829 2544 haveva
851 2474 1058 2563 intelligentia
1073 2498 1135 2541 eon
1160 2474 1251 2544 molti
1275 2477 1408 2565 principi
1431 2475 1463 2544 di
1487 2477 1668 2560 Germania,

294 2584 313 2651 li
331 2583 413 2673 quali
436 2582 479 2671 gli
494 2594 750 2672 promettevan0,
774 2582 833 2650 che
850 2605 916 2649 non
940 2583 966 2648 si
983 2580 1236 2664 moverebbon0‚
1261 2584 1363 2650 immo
1380 2582 1438 2650 che
1462 2607 1495 2650 se
1519 2582 1560 2649 lui
1577 2582 1669 2651 desse
1723 2600 1737 2615 ⁸

295 2689 425 2780 qualche
442 2713 516 2757 cosa
539 2690 592 2778 pilr
615 2688 646 2757 di
670 2688 829 2777 stipendio
846 2688 905 2756 che
928 2710 997 2755 non
1020 2687 1117 2755 fanno
1135 2687 1298 2772 Germani,
1323 2689 1447 2757 haveria
1470 2712 1488 2756 a
1510 2690 1582 2756 suoi
1605 2711 1669 2756 ser-

293 2798 360 2865 vitii
383 2797 491 2885 quanti
515 2794 683 2864 Alemanni
706 2794 845 2878 volesse;
880 2808 911 2861 et
933 2795 1050 2876 scrive,
1082 2792 1155 2862 ch’il
1183 2795 1308 2862 Sermo.
1332 2795 1532 2863 Ferdinando
1556 2820 1608 2864 era
1635 2797 1667 2863 in

293 2902 494 2991 grandissimi
517 2901 658 2989 travagli‚
681 2913 713 2969 et
736 2902 795 2969 che
810 2900 923 2969 voleva
946 2903 991 2968 ire
1008 2902 1039 2967 in
1063 2924 1200 2988 persona
1223 2902 1374 2969 aCesare
1398 2901 1545 2970 simulato
1563 2901 1669 2970 habitu

293 3032 349 3098 per
372 3006 504 3096 exporli,
527 3010 558 3074 in
584 3007 642 3075 che
664 3008 802 3075 termine
826 3030 923 3074 erano
946 3005 976 3073 le
1000 3029 1090 3089 cose,
1113 3030 1165 3073 ma
1188 3007 1247 3075 che
1270 3006 1302 3074 fu
1326 3006 1468 3075 dissuaso
1492 3007 1531 3076 da
1553 3007 1574 3074 li
1597 3009 1668 3074 suoi

295 3112 485 3201 consiglieri.
531 3113 572 3180 Se
596 3124 705 3201 questa
727 3124 843 3181 venula
867 3112 917 3180 del
939 3112 1050 3180 Turco
1075 3117 1204 3195 evera,
1235 3115 1352 3202 reggio
1380 3112 1409 3181 le
1434 3137 1510 3182 cose
1534 3113 1564 3181 di
1588 3114 1668 3181 Ger-

294 3221 398 3287 mania
422 3221 453 3286 in
477 3242 555 3306 gran
579 3219 678 3301 ruina,
702 3230 734 3286 et
756 3217 879 3287 benche
903 3242 958 3307 per
981 3217 1010 3285 la
1028 3217 1099 3286 loro
1124 3218 1287 3287 ribellione
1307 3218 1346 3287 da
1368 3219 1397 3286 la
1420 3219 1492 3288 fede
1516 3219 1669 3288 catholica

294 3327 452 3395 meritano
477 3326 554 3411 ogni
577 3324 674 3406 male,
699 3348 777 3414 pure
801 3338 849 3394 est
872 3327 1010 3392 maxime
1033 3323 1223 3408 dolendum,
1247 3326 1306 3393 che
1335 3325 1363 3393 la
1387 3327 1569 3394 Cristianitl
1590 3326 1669 3394 vada

294 3436 360 3501 cosi
383 3433 417 3500 in
440 3433 530 3500 ruina
552 3430 796 3499 conniventibus
819 3432 998 3520 principum
1022 3429 1132 3499 oculis.
1178 3431 1268 3500 Iddio
1298 3455 1354 3520 per
1377 3456 1431 3499 sua
1463 3432 1585 3501 infinita
1608 3432 1669 3500 cle-

294 3540 413 3607 mentia
437 3540 465 3605 ci
488 3550 587 3606 metta
609 3536 638 3604 la
661 3560 768 3605 mano.

400 3645 467 3726 Qui
490 3644 638 3712 andiamo
661 3667 777 3712 ancora
799 3644 903 3712 vestiti
927 3642 1019 3712 dele
1042 3656 1130 3711 veste
1153 3642 1192 3711 de
1215 3642 1243 3711 la
1266 3644 1428 3712 invernata
1451 3657 1483 3712 et
1506 3647 1629 3712 usiamo
1648 3643 1669 3711 il

294 3751 391 3818 fuoco
416 3774 509 3818 come
533 3750 564 3818 di
595 3773 754 3839 genuam,
784 3751 847 3817 mai
871 3772 938 3816 non
962 3748 1023 3816 vidi
1056 3749 1076 3815 il
1107 3751 1159 3838 pilr
1192 3751 1392 3818 inconstante
1422 3762 1548 3840 tempo,
1581 3762 1613 3819 et
1640 3750 1668 3817 la

295 3871 383 3945 peste
414 3859 570 3925 comincia
598 3881 615 3925 a
642 3871 769 3925 toccare
796 3855 1005 3937 fortemente,
1034 3868 1066 3923 et
1087 3878 1169 3923 anco
1192 3857 1218 3923 si
1248 3855 1353 3924 dubita
1376 3854 1427 3924 del
1455 3856 1581 3925 sudore.
1632 3858 1668 3924 Io

295 3987 362 4031 non
392 3986 475 4030 sono
506 3962 585 4030 hora
613 3975 744 4031 astretto
773 3973 895 4028 astare
926 3962 958 4027 in
981 3959 1059 4028 letto
1084 3973 1115 4028 et
1144 3961 1325 4049 agridare,
1356 3965 1434 4050 pero
1464 3965 1508 4029 mi
1539 3987 1612 4052 pare
1637 3963 1668 4031 di

296 4083 359 4138 star
382 4068 473 4137 bene.

401 4174 549 4257 Londini,
572 4198 603 4262 4.
628 4175 704 4242 iunii
733 4194 825 4260 1529.

762 4281 817 4348 Uti
840 4278 921 4348 filius
945 4279 1158 4349 deditissimus

1200 4368 1236 4435 L.
1261 4368 1332 4436 Car.
1358 4370 1562 4460 Campegius.

506 4492 592 4547 Nunz.
612 4492 637 4545 di
655 4491 747 4546 Germ.
770 4506 809 4562 53,
829 4491 845 4545 f.
867 4493 924 4561 187.
962 4492 1137 4563 Eingelaufen
1156 4510 1200 4547 arn
1218 4506 1243 4559 4.
1262 4492 1321 4564 Juli.
1358 4494 1404 4548 Bei
1424 4495 1550 4563 Tbeiner,
1569 4515 1594 4567 p.
1611 4497 1667 4565 582,

402 4580 468 4635 fehlt
491 4580 537 4634 der
555 4580 697 4633 Abschnitt
720 4580 784 4633 saber
807 4579 853 4633 das
873 4579 999 4633 Betinden
1023 4580 1070 4634 des
1094 4580 1217 4652 Papstes3
1245 4582 1313 4635 auch
1337 4583 1369 4636 ist
1393 4584 1494 4638 uieder
1516 4585 1599 4640 durch
1621 4584 1668 4638 das

402 4668 568 4739 zweimalige
582 4667 766 4722 Vorlrommen
791 4668 837 4722 des
860 4668 980 4722 Namens
1004 4669 1050 4724 Dr.
1073 4669 1210 4740 Stephano
1233 4670 1298 4724 alles
1321 4671 1585 4744 Zwisehenliegende
1608 4690 1667 4728 aus·

401 4756 533 4828 gelassen.
570 4746 644 4811 Uber
661 4755 841 4828 Hieronymus
860 4756 947 4829 Lasky
965 4756 1019 4811 und
1038 4758 1111 4812 seine
1130 4758 1337 4813 Gesandtschaft
1356 4761 1425 4814 nach
1443 4761 1668 4833 Konstantinopel

405 4845 515 4915 1527l28
533 4862 554 4899 s.
568 4844 704 4912 Bucholtz,
724 4843 871 4899 ferdinand
883 4844 912 4914 I.,
931 4845 977 4901 111.
991 4860 1042 4912 224
1056 4845 1081 4914 l,
1100 4846 1165 4900 uber
1178 4847 1229 4900 den
1242 4847 1383 4901 Ausbruch
1396 4848 1443 4902 der
1456 4849 1563 4904 Turken
1578 4868 1668 4923 gegen

402 4933 513 5004 Ungarn
532 4933 585 4986 und
603 4934 683 4986 Wien
702 4932 757 4988 das.
777 4936 836 5005 285.
