3842 5580
303 377 365 438 218
1439 389 1544 458 Anglici
1564 389 1674 441 articuli.

407 550 533 631 Quinto
550 552 658 619 nititur
673 549 806 639 probare
819 551 1033 638 virginitatem
1049 573 1105 638 per
1121 547 1359 617 confessionem
1376 546 1563 616 Ferdinandi
1580 548 1673 633 regis.

406 656 504 723 Sexto
520 680 576 745 per
595 656 833 725 confessionem
850 656 1006 724 Elisabeth
1031 656 1168 744 reginae.
1208 656 1320 723 Posset
1336 654 1408 737 dici,
1432 653 1518 744 quod
1535 652 1574 721 de
1598 677 1674 721 con·

301 760 438 830 sessione
467 763 600 830 istorum
630 787 697 830 noir
722 774 848 831 constat
874 764 934 830 nisi
963 786 1020 852 per
1043 774 1140 830 testes
1167 760 1350 849 singulares,
1381 763 1458 829 item
1487 759 1574 849 quod
1598 783 1674 827 con-

300 866 395 935 sessio
420 891 532 936 eorum
557 883 605 937 est
628 869 877 951 extraiudicialis,
900 882 987 958 parte
1011 868 1150 949 absente,
1175 880 1322 955 utsupra
1346 866 1464 935 dictum
1490 878 1547 933 est.
1583 866 1674 933 Prae-

299 986 385 1041 terea
412 987 521 1062 posset
549 974 625 1057 dici,
657 975 744 1067 quod
776 999 843 1043 non
875 990 923 1043 est
956 977 1057 1062 magis
1089 972 1282 1042 credendum
1313 972 1506 1041 confessioni
1539 974 1671 1039 istorum

298 1103 422 1168 regum,
446 1104 541 1170 quam
565 1102 649 1150 esset
673 1081 867 1150 credendum
884 1081 1005 1163 litteris,
1030 1080 1196 1171 exquibus
1213 1080 1377 1163 habebant,
1401 1077 1488 1168 quod
1505 1078 1672 1148 catharina

298 1189 500 1256 remansisset
523 1190 614 1276 virgo
621 1216 630 1272 3
662 1186 717 1256 sed
741 1208 857 1278 quanta
880 1187 959 1256 fides
983 1187 1168 1277 praestanda
1192 1201 1275 1255 esset
1298 1186 1356 1253 illis
1380 1184 1499 1266 litteris,
1526 1208 1593 1252 non
1616 1207 1672 1272 po·

299 1306 359 1360 test
384 1292 526 1376 iudicari,
550 1295 621 1383 quia
644 1294 685 1362 de
709 1296 754 1363 eis
782 1319 849 1362 non
872 1306 1009 1384 apparet.
1063 1295 1227 1362 Praeterea
1255 1312 1343 1360 erant
1371 1293 1503 1381 scriptae
1526 1314 1543 1358 a
1566 1292 1672 1377 singu-

298 1398 411 1467 laribus
434 1402 579 1488 personis
603 1421 634 1468 et
650 1399 930 1483 extraiudicialiter,
955 1414 987 1468 et
1010 1400 1083 1468 ideo
1100 1424 1166 1468 non
1190 1399 1370 1489 probarent.
1416 1399 1548 1486 Insuper
1564 1409 1671 1485 posset

298 1504 370 1588 dici,
394 1506 479 1595 quod
497 1530 564 1573 nota
582 1520 664 1575 essct
680 1507 874 1576 credendum
898 1508 973 1596 ipsis
989 1507 1114 1595 regibus
1137 1518 1167 1575 et
1183 1505 1362 1594 parentibus
1379 1503 1566 1572 Catharinae
1591 1526 1672 1570 asse·

298 1612 437 1680 rentibus
461 1612 574 1703 aliquid
600 1614 807 1682 inhonorem
833 1613 914 1682 filiae
930 1637 1015 1695 suae,
1040 1637 1112 1682 eum
1129 1636 1186 1680 sua
1208 1614 1373 1680 interesset
1395 1609 1561 1700 publicare,
1585 1608 1672 1698 quod

297 1720 389 1806 virgo
413 1721 648 1808 permansisset,
672 1732 706 1787 ut
728 1719 847 1788 facilius
871 1722 1018 1788 maritum
1044 1742 1150 1808 parem
1176 1732 1208 1787 et
1230 1717 1393 1808 aequalem
1417 1717 1600 1784 inveniret.l

403 1827 548 1914 Septimo
572 1827 716 1894 innititur
739 1829 847 1915 regina
871 1826 989 1894 indicio
1013 1838 1044 1894 et
1068 1839 1257 1913 argumento
1274 1836 1402 1913 sumpto
1427 1848 1463 1890 ex
1490 1824 1562 1904 hoc,
1585 1820 1671 1911 quod

297 1932 454 2000 Henricus
479 1932 548 1999 Vll.
574 1931 769 2000 desiderabat
798 1956 867 1999 eam
897 1932 1011 2000 habere
1040 1934 1071 1999 in
1097 1955 1240 2012 uxorem,
1270 1944 1301 1999 et
1325 1954 1391 1998 non
1420 1949 1467 1997 est
1492 1927 1671 2009 verisimile,

297 2036 382 2125 quod
407 2038 433 2104 si
457 2050 630 2126 reputasset
659 2062 728 2106 eam
754 2040 917 2126 cognitam
941 2063 958 2105 a
982 2038 1048 2106 filio
1071 2043 1201 2119 Arturo,
1230 2036 1316 2127 quod
1340 2036 1516 2104 affectasset
1544 2058 1615 2102 eam
1640 2036 1671 2100 in

297 2166 441 2210 uxorem.
487 2144 601 2212 Posset
624 2144 700 2226 dici,
729 2143 815 2234 quod
840 2146 903 2213 hoc
927 2169 993 2212 non
1024 2144 1173 2233 probatur
1197 2146 1255 2211 nisi
1284 2167 1339 2231 per
1363 2154 1458 2211 testes
1487 2140 1527 2209 de
1550 2139 1671 2230 publica

297 2272 377 2317 voce
402 2249 553 2333 etfama,
583 2261 614 2318 et
636 2274 765 2339 paucos,
789 2250 936 2319 videlicet
958 2265 1021 2319 tres
1045 2251 1094 2318 vel
1118 2263 1262 2340 quatuor,
1295 2272 1375 2339 quae
1398 2249 1480 2316 fama
1503 2271 1570 2315 non
1595 2269 1671 2314 con·

296 2354 407 2423 cludit:
432 2356 560 2446 optabat
576 2380 645 2425 eam
672 2357 785 2425 habere
809 2359 841 2424 in
860 2380 1005 2439 uxorem,
1030 2381 1108 2446 ergo
1133 2368 1198 2425 erat
1213 2358 1320 2444 virg03
1346 2355 1417 2445 quia
1439 2355 1544 2443 potuit
1560 2372 1671 2442 optare

296 2483 364 2528 rem
388 2462 536 2545 illicitam,
560 2475 594 2531 ut
617 2487 711 2552 saepe
736 2463 859 2532 homini
883 2465 1056 2552 contingit,
1087 2463 1172 2531 unde
1196 2462 1233 2530 ab
1257 2460 1439 2530 huiusmodi
1464 2461 1670 2529 matrimonio

296 2580 330 2635 ut
353 2567 462 2637 illicito
485 2568 570 2638 idern
595 2593 650 2637 rex
674 2569 850 2637 abstinuit.²

402 2674 529 2743 Octavo
559 2677 667 2744 nititur
691 2675 824 2764 probare
847 2677 1059 2764 virginitatem
1089 2700 1145 2765 per
1169 2675 1388 2743 bnteaminnm
1413 2673 1519 2741 Artori
1549 2673 1670 2760 inspec-

294 2781 427 2848 tionem.
464 2783 563 2850 Nono
579 2805 636 2871 per
652 2784 882 2870 inspectionem
903 2782 1122 2850 linteaminum
1140 2782 1268 2850 Henrici
1286 2783 1399 2849 octavi.
1435 2781 1546 2846 Posset
1562 2775 1667 2866 quoad

295 2885 476 2954 linteamina
500 2890 606 2955 Arturi
629 2888 700 2971 dici,
724 2888 811 2978 quod
834 2901 930 2956 testes
954 2912 1020 2956 uon
1045 2889 1178 2977 probant
1201 2889 1412 2976 virginitatem
1438 2911 1475 2953 ex
1499 2886 1571 2965 hoc,
1596 2884 1668 2971 quia

402 3124 409 3154 ¹
429 3117 485 3170 Das
504 3117 618 3187 Zeugnis
637 3117 684 3171 der
702 3118 819 3188 Konigin
840 3118 950 3172 Isabella
974 3121 1007 3172 ist
1027 3137 1051 3172 u.
1072 3137 1093 3173 a.
1114 3118 1267 3190 niedergele
1288 3119 1343 3171 tin
1362 3117 1450 3171 einem
1469 3115 1665 3170 Schreibenan

294 3186 345 3239 den
366 3187 453 3240 Herzo
492 3187 525 3240 de
543 3187 660 3253 Estrada‚
680 3189 839 3260 spanischen
858 3187 1012 3243 Gesandten
1032 3192 1057 3243 in
1077 3189 1207 3261 England,
1227 3135 1341 3253 Toiedo
1364 3202 1403 3243 12.
1439 3186 1473 3240 uli
1496 3201 1577 3254 15023
1605 3186 1664 3239 das·

295 3257 368 3310 selbe
392 3204 485 3311 beruht
509 3257 557 3311 aus
577 3257 628 3311 den
646 3258 834 3330 Mitteilungen
858 3259 905 3313 der
923 3260 1020 3313 Donna
1046 3260 1133 3314 Elvira
1152 3258 1271 3324 Manuel,
1296 3268 1384 3312 ersten
1433 3256 1596 3310 ammerzose
1620 3256 1665 3310 der

294 3327 446 3395 Katharina,
465 3327 516 3395 die,
536 3328 621 3382 soviel
639 3329 696 3382 sich
710 3329 843 3383 erkennen
862 3329 928 3393 laist,
949 3340 1035 3384 zuerst
1053 3348 1148 3402 ganas
1168 3338 1250 3383 ontan
1263 3329 1328 3383 uber
1342 3328 1393 3382 den
1406 3326 1578 3398 Sachyerhalt
1597 3327 1664 3380 nach

294 3398 409 3468 Spanien
422 3400 576 3454 berichtete.
603 3399 694 3471 Vergl.
708 3400 882 3472 Bergenroth,
897 3400 916 3454 Ι.
931 3419 956 3454 n.
973 3416 1021 3471 327
1034 3403 1121 3471 (325).
1149 3348 1297 3455 ierdinand
1310 3401 1355 3454 hat
1368 3400 1456 3453 seiner
1469 3388 1666 3468 Uberzeugung

294 3468 367 3522 wohl
391 3486 434 3522 am
460 3469 637 3523 deutlichsten
656 3471 681 3523 ln
702 3470 763 3524 dem
782 3470 927 3525 Schreiben
946 3471 1100 3538 Barcelona,
1120 3486 1161 3595 :2
1181 3471 1286 3542 August
1307 3485 1371 3539 1503
1393 3487 1425 3523 an
1445 3468 1496 3522 den
1509 3466 1664 3522 Gesandten

293 3541 318 3592 in
332 3539 411 3605 Rom,
432 3539 506 3594 Ferd.
526 3539 559 3593 de
574 3541 662 3612 Rojas‚
682 3540 819 3595 Ausdmck
834 3541 967 3612 gegeben,
987 3543 1072 3596 worin
1087 3557 1115 3596 er
1148 3543 1220 3595 'esen
1240 3543 1288 3594 mit
1301 3540 1460 3611 Erwirkung
1473 3538 1520 3592 der
1531 3539 1665 3610 Dispense

293 3610 335 3663 bei
354 3610 415 3664 Pius
430 3611 485 3678 111,
505 3612 588 3665 bezw.
609 3612 651 3666 bei
665 3611 748 3682 Julius
764 3613 795 3667 ΙΙ.
815 3612 932 3666 beauftra
966 3630 989 3667 e.
1026 3613 1202 3683 Bergenroth,
1223 3611 1241 3667 l.
1261 3629 1286 3665 n.
1305 3627 1361 3681 370,
1381 3611 1427 3664 der
1441 3610 1582 3681 spanische
1595 3611 1664 3663 Text

293 3681 334 3733 bei
354 3680 469 3748 Pococlr,
488 3681 520 3735 ll.
536 3680 595 3748 426,
633 3681 780 3736 Ferdinand
800 3701 855 3737 war
873 3683 920 3736 der
933 3622 984 3754 dian
1007 3682 1149 3737 frauschatt
1169 3684 1256 3736 seiner
1270 3682 1389 3735 Tochter
1408 3681 1505 3734 bereits
1524 3697 1555 3734 so
1569 3681 1664 3746 sicher,

294 3750 348 3804 dass
369 3768 397 3805 es
416 3753 484 3805 nach
504 3751 559 3805 ihm
578 3752 668 3806 heiuer
681 3754 809 3808 weiteren
824 3753 957 3825 Dispense
976 3702 1014 3806 ais
1027 3770 1124 3824 wegcn
1143 3753 1341 3806 matrimonium
1361 3762 1446 3806 ratum
1465 3768 1519 3804 non
1538 3768 1663 3806 consum·

293 3833 395 3904 matum
418 3822 521 3904 bedurft
545 3823 631 3887 hatte3
651 3841 711 3906 nur·
726 3825 801 3890 weil,
821 3825 873 3877 wie
898 3841 926 3877 er
950 3834 1021 3906 sagt,
1046 3824 1088 3877 die
1108 3823 1259 3907 Englander
1281 3823 1343 3909 sehr
1366 3841 1396 3875 zu
1421 3819 1664 3945 Spitztindifikeitcn

293 3893 566 4029 stlattlhtll,
585 3892 1556 4044 ltftltltlt‘tatttht¹tlt⁶llthhtltlltt{latha
1568 3909 1663 4017 §ihil

293 4033 406 4103 punlnes
430 4033 573 4099 erwirken‚
597 4051 644 4087 um
662 4035 734 4105 jeder
753 4051 765 4088 s
785 4040 876 4089 ateren
895 3983 1069 4106 Antechtung
1092 4034 1134 4088 die
1154 4036 1241 4106 Spitze
1265 4033 1456 4091 abzubrechen.
1494 4033 1533 4086 lm
1552 4035 1663 4105 obrigen

293 4102 351 4156 sind
370 4103 412 4157 die
430 4103 565 4158 Einwbrse
584 4121 673 4176 gegen
692 4105 739 4158 das
758 4053 871 4176 deugnis
890 4106 937 4160 der
957 4105 1165 4159 »Katholischen
1184 4105 1316 4175 Konigeu,
1336 4104 1404 4158 nach
1423 4102 1474 4157 den
1492 4103 1597 4175 Regeln
1616 4104 1663 4158 des

292 4190 415 4255 genauen
434 4174 697 4261 Prozessverfahrens
716 4177 871 4258 benachtet,
891 4177 963 4230 nicht
982 4176 1054 4230 ohne
1074 4176 1212 4258 Gewicht;
1237 4174 1368 4228 trotzdem
1387 4176 1420 4227 ist
1439 4175 1501 4227 aber
1519 4174 1593 4257 seine
1612 4175 1663 4228 Be-

293 4244 789 4397 talahi?„ttltzlthlt
808 4246 1118 4383 athlltllaltl
1131 4245 1464 4398 ttahltttltzltt
1483 4245 1663 4370 {thahath

292 4333 510 4509 {lappensgewalt
529 4387 575 4441 des
595 4387 705 4457 Papstes
725 4387 766 4441 die
786 4387 871 4459 Frage
896 4389 959 4441 uber
978 4388 1029 4441 den
1043 4387 1159 4458 Vollzug
1178 4387 1224 4440 der
1243 4385 1347 4457 Copula
1369 4387 1446 4440 letne
1465 4388 1527 4441 sehr
1545 4398 1662 4443 wesent·

302 4474 325 4509 ac
348 4474 362 4510 e
382 4475 445 4510 war.

397 4527 503 4580 ’Aueh
527 4527 584 4580 hier
602 4528 817 4600 widersprechen
839 4529 881 4582 die
901 4528 1071 4583 Thatsachen
1095 4528 1147 4581 den
1166 4528 1322 4599 englischen
1340 4527 1562 4600 Ausffihrungen;
1592 4529 1661 4583 denn

292 4598 418 4651 aunachst
430 4615 487 4650 war
500 4614 528 4651 es
548 4599 620 4652 nicht
639 4598 707 4652 bloss
720 4598 839 4653 Gen'tcht
858 4599 923 4652 oder
936 4598 1136 4670 unbegrlmdete
1151 4598 1287 4668 Meinung,
1306 4597 1362 4651 dass
1376 4598 1500 4653 Heinrich
1516 4600 1574 4653 Vll.
1594 4601 1663 4654 nach

292 4668 352 4720 dem
373 4667 450 4721 Tode
469 4668 557 4722 seiner
575 4668 718 4723 Gemahlin
737 4668 872 4722 Elisabeth
890 4671 946 4736 (11.
967 4668 1081 4723 februar
1102 4670 1182 4738 1503)
1201 4668 1282 4722 daran
1300 4668 1416 4739 gedacht
1435 4669 1515 4736 habe,
1538 4671 1595 4724 sich
1614 4670 1663 4724 mit

292 4738 338 4792 der
360 4738 511 4809 18jaihrigen
530 4739 674 4793 Katharina
693 4757 724 4793 zu
745 4738 906 4805 vermt'thlen,
926 4740 979 4792 und
998 4739 1085 4793 semer
1103 4740 1148 4793 hat
1167 4738 1265 4792 erden
1284 4738 1430 4794 Gedanken
1449 4741 1520 4794 nicht
1540 4758 1587 4794 aus
1606 4740 1662 4795 Ge·

291 4808 544 4862 wissensbedenlren
566 4809 748 4881 aufgegeben,
773 4809 888 4863 sondern
908 4810 1039 4863 nachdem
1059 4808 1170 4863 Isabella
1189 4826 1242 4863 von
1260 4809 1389 4864 Kastilien
1413 4810 1464 4864 den
1483 4810 1548 4865 Plan
1574 4811 1667 4866 scharf

291 4880 463 4949 abgewiesen
486 4879 539 4932 und
558 4879 609 4933 den
628 4880 722 5004 Koniffi
742 4881 786 4934 aul
804 4879 846 4933 die
864 4883 945 4951 junge
969 4880 1022 4933 und
1040 4880 1129 4934 reiche
1144 4879 1244 4933 Witwe
1267 4879 1314 4933 des
1333 4879 1438 4951 Konigs
1462 4881 1609 4936 Ferdinand
1628 4882 1661 4937 ll.

292 4966 345 5002 von
369 4948 473 5020 Neapel
496 4950 681 5020 hingeniesen
724 4959 786 5006 atte.
823 4949 915 5024 Vergl.
940 4950 1119 5023 Bergenroth,
1144 4950 1162 5005 l.
1187 4968 1212 5005 n.
1235 4950 1291 5021 360,
1318 4951 1386 5005 auch
1412 4951 1455 5007 die
1478 4952 1662 5010 Introduktion

292 5036 317 5093 p.
337 5018 424 5073 XCIV
444 5036 483 5096 sq.
