3842 5592
292 354 333 417 92
768 340 771 346 Ι
1512 368 1566 421 Mai
1588 383 1661 439 1529.

289 525 531 615 praeiudicium,
559 551 638 617 quae
661 527 856 617 petebantur.
902 529 972 595 Hor
995 527 1117 610 vedasi,
1145 551 1180 595 se
1203 528 1378 616 parimente
1402 550 1520 595 ancora
1545 551 1613 596 non
1636 530 1663 595 si

290 634 392 720 potria
420 631 501 716 dire,
530 633 589 702 che
617 634 637 701 il
664 633 761 703 fuoco
792 659 859 703 non
888 637 933 702 sia
960 632 1061 701 caldo.
1113 632 1309 701 Finalmente
1337 658 1404 701 non
1431 636 1594 722 partirono
1624 635 1663 704 da

291 738 321 805 S.
346 738 403 821 M„
433 739 543 807 ch’ella
565 742 596 807 in
621 765 747 808 summa
769 741 808 809 ad
832 739 979 809 amendui
1004 739 1102 807 disse:
1132 740 1206 807 Sitis
1229 740 1306 806 mihi
1335 739 1412 808 boni
1435 743 1527 809 amici
1551 754 1582 810 et
1605 745 1663 809 mi-
1693 830 1699 835 .

290 846 440 912 seremini
464 847 537 913 mei.

396 951 434 1019 Et
461 950 492 1018 di
520 952 620 1020 molte
651 953 727 1020 altre
755 953 878 1041 parole,
910 952 968 1020 che
992 952 1099 1041 eglino
1130 952 1237 1019 hanno
1266 952 1384 1021 havuto
1415 976 1478 1021 con
1506 954 1537 1022 S.
1560 953 1606 1021 M.
1631 967 1662 1023 et

289 1057 384 1124 Rmo.
409 1058 543 1124 insieme
572 1071 604 1127 et
626 1057 713 1147 dipoi
741 1082 804 1127 con
828 1059 859 1126 S.
884 1058 915 1127 S.
940 1060 1030 1128 Rma.
1055 1070 1320 1147 separatamente,
1349 1082 1417 1126 non
1444 1058 1513 1127 diro
1542 1061 1622 1128 altro
1645 1085 1663 1128 a

290 1162 330 1228 V.
346 1162 389 1245 3.,
413 1162 530 1250 perche
547 1162 585 1230 da
601 1187 644 1230 m.
660 1164 836 1232 Francesco
857 1168 926 1231 sara
940 1164 1153 1254 ragguagliata
1169 1163 1219 1232 del
1235 1176 1333 1248 tutto;
1362 1169 1403 1232 ne
1422 1165 1526 1234 havrei
1544 1168 1662 1255 scripto

289 1279 389 1350 tanto,
418 1292 452 1336 se
476 1292 543 1336 non
567 1270 626 1337 che
654 1270 697 1358 gli
725 1270 833 1338 hanno
857 1269 957 1353 detto,
988 1271 1046 1338 che
1068 1270 1224 1359 vogliono
1254 1270 1312 1338 che
1340 1271 1382 1339 lui
1412 1274 1536 1361 expecti
1566 1296 1663 1340 ancor

290 1373 421 1462 qualche
444 1377 572 1463 giorn0,
596 1387 628 1443 et
651 1375 713 1464 egli
737 1381 755 1444 e
777 1378 810 1444 in
835 1376 992 1445 desiderio
1017 1377 1047 1445 di
1070 1379 1195 1466 partire,
1220 1389 1251 1445 et
1274 1400 1347 1465 pare
1367 1401 1384 1444 a
1401 1402 1463 1461 me,
1488 1379 1546 1446 che
1569 1403 1663 1467 possa

289 1482 398 1547 venire
422 1493 452 1548 et
469 1504 535 1547 non
552 1495 687 1570 aspettar
709 1484 772 1571 piu.
819 1483 902 1551 Pero
919 1483 1070 1552 dovendo
1094 1485 1126 1551 io
1143 1506 1229 1550 esser
1245 1482 1375 1551 domani
1399 1484 1662 1553 aRicciamondo

290 1585 341 1652 col
364 1587 458 1654 Rmo.
476 1585 686 1670 Eboracense,
711 1586 777 1655 sard
794 1611 901 1678 opera,
926 1588 1040 1678 ch'egli
1063 1613 1158 1678 possa
1176 1590 1360 1673 venirsene;
1394 1614 1427 1658 se
1452 1614 1530 1674 non,
1554 1603 1663 1681 questa

288 1695 379 1759 verra
402 1715 464 1759 con
488 1716 531 1759 m.
556 1692 708 1761 Silvestro
731 1695 841 1779 Dario,
866 1695 887 1762 il
910 1695 1000 1785 quale
1024 1695 1132 1764 hanno
1156 1697 1328 1764 licentiato

395 1798 512 1886 Signor
541 1800 624 1882 mio,
655 1801 700 1866 mi
731 1813 852 1869 restava
883 1825 901 1868 a
930 1801 996 1869 dire
1029 1801 1093 1869 del
1124 1814 1315 1871 mostrare
1347 1802 1383 1870 le
1414 1806 1491 1871 mie
1523 1804 1663 1872 lettere

289 1903 448 1994 qualche
472 1927 575 1986 cosa,
599 1907 680 1973 circa
703 1906 731 1973 le
748 1906 829 1997 quali
853 1909 1014 1989 scrivono‚
1039 1909 1097 1976 che
1114 1909 1154 1976 V.
1173 1909 1204 1975 S.
1229 1932 1296 1976 non
1312 1908 1434 1977 voleva.
1460 1910 1518 1978 che
1541 1912 1569 1977 si
1591 1933 1662 1977 mo·

290 2010 452 2091 strassino,
484 2029 514 2078 et
543 2012 661 2078 dicono
692 2012 819 2080 havervi
847 2012 937 2095 letto,
966 2014 1024 2082 che
1048 2027 1179 2083 costoro
1208 2038 1400 2082 accrescono
1429 2017 1507 2102 ogni
1531 2017 1663 2083 minima

290 2114 397 2203 parola
421 2128 479 2183 etc.
517 2116 572 2184 Ma
587 2119 702 2200 vorrei,
727 2117 785 2186 che
807 2116 1128 2206 laSignoriaVostra
1151 2119 1190 2187 da
1212 2143 1247 2188 se
1271 2119 1498 2203 considerasse,
1523 2120 1606 2189 dove
1629 2123 1661 2189 io

290 2243 373 2288 sono
397 2234 429 2290 et
451 2223 484 2289 in
507 2222 566 2290 che
589 2225 762 2311 maneggio
779 2223 905 2307 odioso,
930 2245 961 2292 et
984 2238 1103 2315 quanto
1127 2225 1339 2294 incommodo
1363 2239 1395 2295 et
1418 2226 1525 2294 danno
1550 2251 1662 2316 ponno

291 2349 416 2395 causare
440 2330 553 2397 cotesti
576 2327 665 2397 modi
689 2353 776 2398 ame
799 2342 831 2398 et
854 2330 1028 2414 allamma,
1053 2351 1084 2399 et
1108 2332 1179 2401 dall'
1199 2332 1278 2401 altro
1303 2353 1408 2415 canto,
1432 2346 1552 2423 quanto
1576 2357 1661 2422 poco

289 2430 397 2516 frutto,
425 2436 494 2500 anzi
517 2446 636 2524 quanto
665 2434 828 2504 disordine
851 2460 946 2525 possa
969 2440 1110 2526 seguire‚
1142 2439 1226 2507 dove
1250 2452 1380 2508 costoro
1404 2439 1588 2508 m'habbino
1612 2464 1663 2508 so-

289 2552 394 2627 spetto
419 2558 449 2607 et
472 2543 619 2628 pemmo,
648 2542 733 2609 ch'io
762 2543 812 2610 dia
840 2543 910 2610 loro
939 2543 1056 2633 parole.
1107 2546 1143 2612 Io
1173 2570 1213 2613 ne
1242 2546 1285 2613 ho
1313 2558 1402 2615 tanto
1432 2545 1603 2636 displacere
1632 2559 1663 2615 et

289 2643 415 2728 dolore,
445 2648 503 2714 che
527 2671 594 2715 non
618 2671 713 2736 possa
742 2648 883 2738 parlarne
907 2651 970 2739 piu.
1017 2652 1057 2718 V.
1082 2652 1114 2718 S.
1139 2654 1164 2719 si
1193 2651 1310 2720 ricordi
1339 2654 1423 2720 ch'io
1447 2676 1530 2721 sono
1554 2655 1662 2742 quiet

288 2774 355 2817 non
378 2776 462 2820 sono
479 2754 588 2822 inutile
610 2757 764 2823 servitore
789 2753 820 2822 di
837 2756 899 2823 Sua
914 2756 1033 2825 Santital
1057 2769 1088 2825 et
1111 2756 1142 2825 di
1159 2758 1261 2848 quella
1284 2771 1372 2827 santa
1387 2758 1470 2827 Sede
1493 2782 1552 2847 pro
1569 2778 1661 2847 captu

288 2880 374 2941 me0‚
399 2871 430 2927 et
445 2861 489 2925 mi
512 2860 751 2928 raccommandi
773 2861 823 2928 alli
839 2863 1009 2930 santissimi
1033 2862 1117 2952 piedi
1140 2863 1171 2933 di
1188 2865 1229 2933 N.
1247 2864 1384 2953 Signore
1408 2877 1439 2933 et
1462 2888 1529 2933 ase
1552 2877 1660 2933 stessa.

287 2962 311 3029 Il
334 2976 420 3031 resto
445 2965 510 3032 dira
533 2989 576 3033 m.
601 2967 777 3036 Francesco
801 2967 830 3035 al
852 2991 911 3035 suo
935 2971 1080 3037 arrivare.

394 3071 467 3138 Con
495 3084 608 3160 questo
639 3072 751 3140 ultimo
782 3074 918 3142 corriere
948 3098 1015 3142 non
1046 3078 1073 3143 ci
1105 3099 1188 3144 sono
1216 3089 1296 3145 state
1326 3077 1437 3146 lettere
1467 3100 1523 3165 per
1553 3077 1661 3145 medi

203 3228 208 3235 .
288 3175 328 3241 V.
353 3175 384 3242 S.
424 3176 517 3258 Quae
540 3176 613 3245 felix
636 3178 746 3247 valeat.

392 3298 541 3383 Lonffini,
566 3320 617 3368 20.
642 3303 716 3368 maii
743 3322 838 3388 1529.

896 3409 937 3476 D.
962 3409 1003 3476 V.
1027 3411 1058 3477 S.

770 3532 825 3600 Uti
848 3532 930 3600 filius
955 3532 1169 3602 deditissimus

1190 3659 1225 3726 L.
1251 3661 1323 3728 Car.
1348 3661 1552 3749 Campegius

498 3848 582 3903 Nunz.
598 3848 624 3902 di
636 3848 727 3903 Germ.
745 3866 783 3919 53,
803 3850 986 3920 s.178-184‚
1006 3851 1023 3905 f.
1040 3868 1090 3924 179
1108 3853 1198 3908 u.180
1216 3853 1274 3907 sind
1293 3854 1562 3926 eingeschaltet,·auf
1577 3854 1595 3909 l.
1611 3872 1661 3927 179

392 3936 463 3989 steht
482 3934 524 3989 die
543 3935 699 4008 Auflosung
718 3938 764 3992 der
782 3938 998 4007 Geheimschrift,
1017 3941 1091 3994 nicht
1109 3959 1177 4012 ganz
1196 3942 1268 3996 ohne
1287 3941 1390 3997 Fehler.
1421 3942 1597 4015 Eingelaulen
1616 3961 1659 3997 am

393 4038 434 4078 21.
453 4023 521 4095 Juni.
558 4025 608 4079 Ein
631 4025 731 4080 ldeines
758 4027 920 4081 Bruchstsrclr
943 4028 987 4082 bei
1005 4029 1155 4096 Laemmer,
1179 4048 1204 4101 p.
1226 4046 1266 4100 33,
1286 4048 1311 4085 n.
1331 4046 1372 4101 27,
1397 4031 1443 4086 das
1467 4031 1559 4086 Ganze
1584 4041 1660 4086 unter

392 4111 454 4166 dem
478 4113 599 4184 einzigen
617 4113 718 4168 Datum
743 4132 807 4169 vom
831 4131 872 4172 20.
892 4117 945 4171 Mai
969 4117 1011 4171 bei
1030 4116 1156 4185 Theiner,
1176 4136 1201 4190 p.
1223 4120 1357 4189 577-581
1379 4121 1428 4174 mit
1451 4120 1659 4175 verschiedenen

393 4200 642 4273 Ungenauiglreiten
667 4203 720 4256 und
739 4204 955 4275 Auslassungen;
985 4206 1082 4259 einmal
1108 4207 1141 4260 ist
1160 4206 1243 4261 durch
1266 4207 1312 4261 das
1336 4208 1463 4280 doppelte
1476 4208 1659 4263 Vorlrommen

392 4289 438 4343 des
457 4288 577 4344 Namens
596 4290 736 4346 Malatesta
755 4291 819 4346 alles
838 4293 1103 4365 Zwischenliegende
1122 4295 1305 4367 tabergangen.

497 4378 548 4432 Die
567 4378 619 4433 den
638 4379 794 4451 englischen
809 4380 964 4435 Gesandten
983 4382 1161 4455 vorgelegten
1180 4384 1267 4437 Briefe
1282 4385 1467 4458 Campeggios
1486 4387 1593 4440 konnen
1612 4404 1660 4440 nur

391 4465 488 4520 dessen
511 4466 656 4522 Schreiben
680 4484 744 4521 vom
765 4471 813 4538 3l4.
836 4469 911 4540 April
934 4487 1064 4541 gewesen
1087 4472 1157 4538 sein,
1182 4471 1215 4526 da
1239 4473 1285 4527 der
1304 4474 1429 4529 Kardinal
1453 4492 1501 4528 nur
1527 4475 1586 4529 dort
1605 4492 1659 4529 von

390 4555 493 4608 seiuem
512 4555 566 4610 und
584 4555 736 4628 Campanas
749 4556 895 4611 Verhalten
920 4574 1011 4629 gegen
1035 4558 1162 4613 Heinrich
1187 4560 1241 4614 und
1259 4561 1373 4635 Wolsey
1392 4564 1499 4635 spricht.
1537 4563 1599 4617 Und
1617 4563 1659 4616 die

391 4642 499 4711 Worte,
524 4643 566 4698 die
585 4644 644 4698 dort
664 4645 771 4713 slehen,
797 4643 886 4699 lauten
905 4645 1049 4718 allerdings
1067 4664 1135 4718 ganz
1155 4648 1271 4703 entlernt
1289 4652 1363 4705 nicht
1381 4668 1421 4717 so,
1441 4653 1493 4706 wie
1512 4652 1555 4706 die
1575 4651 1659 4723 engli-

391 4732 475 4786 schen
493 4731 616 4787 Berichte
634 4750 681 4786 aus
700 4733 770 4787 Rom
789 4733 904 4804 glauben
923 4734 1037 4788 machen
1057 4734 1177 4803 wollten,
1200 4738 1317 4793 sondem
1337 4739 1387 4795 fast
1405 4740 1529 4794 wortlich
1547 4757 1587 4807 so,
1606 4741 1659 4794 wie

391 4819 433 4873 die
455 4820 623 4892 Verteidiger
648 4821 695 4875 des
719 4821 858 4875 Kardinals
883 4823 1169 4878 auseinandersetzten.
1212 4826 1237 4880 S.
1264 4828 1335 4882 oben
1360 4829 1387 4883 S.
1413 4829 1455 4898 76.
1496 4828 1548 4882 Die
1574 4827 1659 4882 Sache

391 4907 495 4961 scheint
513 4908 639 4980 ubrigens
658 4909 743 4964 schon
762 4909 871 4982 langere
890 4911 945 4965 Zelt
963 4913 1061 4967 vorher
1073 4911 1248 4984 Gegenstand
1266 4916 1471 4971 verschiedener
1489 4917 1658 4988 Korrespon-

391 4994 493 5049 denzen
516 5012 645 5067 gewesen
669 5015 700 5051 zu
724 4999 794 5065 sein,
819 4999 851 5053 da
870 4999 1041 5072 Campeggio
1059 4999 1180 5055 offenbar
1204 5003 1231 5056 in
1250 5003 1312 5057 dem
1336 5006 1495 5059 verlorenen
1514 5005 1659 5059 Schreiben
