3820 5592
279 358 320 419 22
1480 369 1553 440 April
1575 371 1652 439 ¹5²⁸

278 528 406 597 nolebat
434 528 621 598 contrahere
649 528 889 597 matrimonium
919 552 992 596 curn
1016 527 1083 614 illa;
1115 553 1171 618 per
1194 553 1289 620 quam
1317 530 1582 618 protestationem
1605 541 1651 598 te-

278 648 371 718 nent,
399 659 508 724 regern
533 637 729 704 renuntiasse
757 634 868 702 litteris
892 645 924 702 et
945 635 1053 722 gratiis
1083 634 1338 723 dispensationis,
1367 646 1399 703 et
1421 633 1509 726 quod
1538 659 1575 703 ex
1598 635 1650 704 tali

278 744 511 810 renuntiatione
535 741 655 810 litterae
683 739 927 828 dispensationis
951 759 982 807 et
1005 742 1104 829 gratia
1131 765 1187 830 per
1209 741 1275 809 illas
1299 740 1464 809 laetasint
1494 741 1596 809 nullae
1620 753 1652 809 et

278 847 468 929 annullatae,
498 872 536 915 ex
560 870 625 936 quo
648 848 799 937 sequitur,
827 845 916 935 quod
939 844 1174 935 dispensatione
1202 847 1359 916 annullata
1386 849 1455 915 sine
1478 870 1562 917 nova
1591 847 1651 915 dis-

278 954 465 1043 pensatione
487 977 555 1021 non
583 954 687 1042 potuit
716 951 859 1020 contrahi
888 953 1128 1020 matrimonium
1153 953 1291 1021 validum
1299 981 1308 1038 ;
1341 973 1372 1021 et
1396 955 1420 1021 si
1450 954 1511 1021 hoc
1541 965 1588 1021 est
1611 951 1651 1021 de

278 1062 344 1127 iure
367 1083 489 1142 verum,
513 1060 667 1127 Sanctitas
685 1060 800 1127 Vestra
822 1071 932 1147 posset
955 1058 1122 1143 declarare,
1146 1062 1189 1128 ita
1210 1062 1286 1128 iuris
1310 1085 1390 1128 esse.

382 1166 445 1235 Sed
468 1168 629 1234 Dominus
653 1164 797 1234 auditor¹
820 1176 932 1233 contra
954 1165 1032 1233 haec
1055 1165 1165 1235 obiicit
1187 1166 1269 1235 duo:

382 1273 491 1340 Primo
516 1272 605 1355 dicit,
634 1272 697 1339 hoc
725 1294 792 1337 non
822 1293 890 1338 esse
919 1271 1134 1340 honorificum
1162 1275 1241 1361 regi,
1264 1273 1411 1341 videlicet
1438 1272 1587 1362 allegare,
1616 1297 1650 1341 se

277 1380 474 1449 renuntiasse
497 1379 607 1447 litteris
624 1377 867 1465 dispensationis
891 1389 922 1445 et
946 1396 1057 1466 postea
1073 1381 1267 1448 contraxisse
1290 1380 1541 1462 matrimonium,
1564 1378 1650 1468 quod

277 1486 397 1552 nullum
422 1509 508 1552 nunc
531 1484 642 1573 allegat
664 1496 827 1572 tamquam
844 1495 1043 1552 contractum
1068 1487 1136 1553 sine
1160 1484 1407 1575 dispensatione,
1432 1509 1504 1553 curn
1521 1484 1571 1552 illa
1594 1508 1650 1574 per

278 1589 394 1659 dictam
417 1592 686 1659 renuntiationem
710 1591 772 1657 iam
798 1601 944 1658 evacuata
969 1603 1062 1659 esset.

383 1696 532 1765 Secundo
549 1698 635 1779 dicit,
658 1695 746 1786 quod
763 1695 848 1779 dato,
873 1695 960 1786 quod
975 1719 1031 1765 rex
1050 1699 1275 1767 renuntiaverit
1292 1698 1393 1766 dictae
1410 1696 1649 1786 dispensationi,

276 1818 384 1873 tamen
408 1805 480 1894 quia
508 1823 677 1894 antequam
701 1804 824 1891 regina,
853 1825 927 1871 cum
955 1826 1015 1892 qua
1038 1806 1194 1872 contraxit
1222 1806 1478 1887 matrimonium,
1507 1828 1574 1871 non
1603 1826 1650 1871 re-

230 1916 235 1921 “
279 1912 474 1979 nuntiaverat
497 1934 556 1977 nec
580 1910 822 1977 renuntiationis
845 1932 901 1997 per
924 1933 1035 1997 regem
1063 1908 1162 1979 factae
1190 1912 1337 1979 notitiam
1361 1909 1525 1994 habuerat,
1552 1912 1652 1998 gratia

279 2029 309 2085 et
331 2016 452 2086 litterae
469 2016 713 2105 dispensationis
731 2027 901 2084 censentur
916 2016 1080 2084 revalidari
1103 2040 1159 2106 per
1176 2031 1374 2086 contractum
1399 2018 1650 2098 matrimonium,

278 2122 365 2213 quod
388 2124 454 2212 ipse
481 2146 538 2190 rex
560 2120 769 2211 postmodum
793 2123 964 2206 contraxit,
993 2145 1059 2190 non
1085 2122 1230 2192 obstante
1254 2123 1337 2192 dicta
1363 2124 1469 2211 priore
1498 2134 1651 2212 protesta-

277 2231 366 2298 tione
389 2231 455 2297 vim
485 2229 728 2297 renuntiationis
758 2227 917 2316 legitimae
948 2227 1034 2318 (non
1063 2228 1235 2319 habente);
1271 2242 1303 2298 et
1329 2228 1369 2297 ad
1397 2230 1461 2297 hoc
1492 2228 1651 2297 reducitur

277 2348 345 2404 tota
368 2335 532 2404 difficultas
555 2336 649 2404 huius
672 2357 792 2402 causae.
831 2334 916 2402 Nam
941 2335 967 2401 si
990 2334 1148 2423 perillam
1172 2337 1438 2425 protestationem
1460 2358 1517 2424 per
1540 2358 1649 2423 regem

277 2441 402 2526 factam,
425 2465 592 2533 perquam
615 2465 670 2509 rex
692 2439 871 2530 praetendit
894 2442 1090 2508 renuntiasse
1115 2441 1216 2510 dictae
1236 2442 1472 2530 dispensationi,
1496 2441 1653 2509 annullata

277 2548 335 2617 fuit
358 2548 562 2639 dispensatio,
589 2561 658 2617 tum
682 2547 758 2617 nulli
782 2545 922 2629 dubium,
950 2546 1038 2638 quod
1062 2550 1302 2617 matrimonium
1327 2549 1545 2630 subsecutum,
1569 2548 1651 2615 obsi·

277 2668 381 2724 stente
404 2654 636 2745 impedimento
652 2655 747 2744 primi
769 2652 884 2741 gradus
906 2651 1075 2737 affinitatis,
1099 2668 1147 2723 est
1170 2654 1301 2738 nullum,
1325 2667 1357 2723 et
1372 2655 1527 2723 Sanctitas
1538 2655 1652 2723 Vestra

278 2774 387 2850 posset
410 2761 576 2845 declarate,
600 2763 642 2829 ita
665 2761 739 2828 iuris
756 2783 836 2842 esse,
860 2758 1006 2828 videlicet
1029 2758 1117 2849 quod
1139 2761 1260 2829 litterae
1279 2761 1524 2849 dispensatipnis
1547 2761 1653 2827 matri·

279 2869 426 2936 monialis
442 2868 590 2937 obtentae
606 2878 741 2957 possunt
762 2867 935 2934 renuntiari
951 2878 983 2934 et
998 2889 1055 2955 per
1070 2868 1340 2935 renuntiationem
1355 2878 1523 2934 remanent
1539 2865 1651 2949 nullae,

280 2987 311 3043 et
334 2975 591 3056 matrimonium,
616 2972 737 3041 illarum
760 2974 874 3061 vigore
897 2971 1107 3060 postmodum
1131 2984 1346 3055 contractum,
1371 2996 1441 3039 esse
1464 2971 1597 3054 nullum,
1621 2991 1652 3040 et

281 3104 399 3149 novatn
430 3079 701 3169 dispensationem
730 3078 845 3169 requiri
876 3076 915 3145 ad
947 3078 1202 3146 contrahendum
1232 3103 1287 3146 seu
1315 3077 1517 3147 validandum
1547 3079 1653 3145 matri-

281 3189 428 3255 monium
452 3197 662 3254 contractum.

385 3292 474 3360 Haec
489 3303 573 3373 sunt,
596 3314 675 3381 quae
697 3290 765 3358 heri
789 3312 898 3357 coram
914 3288 1085 3357 Sanctitate
1098 3291 1211 3358 Vestra
1235 3289 1316 3359 dicta
1340 3303 1371 3359 et
1393 3292 1427 3358 in
1443 3289 1557 3360 effectu
1580 3290 1653 3358 alle·

281 3418 353 3487 gata
375 3397 511 3481 fuerunt,
535 3417 566 3466 et
589 3409 694 3466 totum
718 3396 886 3479 reducitur,
910 3419 949 3463 an
966 3395 1048 3465 dicta
1071 3398 1263 3464 renuntiatio
1287 3420 1343 3485 per
1362 3420 1473 3485 regern
1497 3396 1577 3465 lacta
1599 3421 1653 3465 an-

282 3505 380 3574 nullet
402 3504 520 3573 litteras
543 3503 786 3593 dispensationis
803 3501 962 3584 obtentae,
986 3503 1058 3591 quia
1081 3520 1157 3570 tunc
1179 3503 1256 3571 nulli
1272 3502 1414 3586 dubium,
1438 3503 1525 3593 quod
1548 3505 1653 3572 matri-

283 3614 428 3679 monium
452 3610 526 3678 inde
550 3628 693 3678 secutum
718 3608 774 3678 fuit
798 3620 830 3677 et
853 3620 901 3677 est
924 3607 1055 3676 nullum.

493 3751 601 3806 Lettere
616 3751 641 3804 di
655 3750 769 3821 Principi
787 3749 859 3804 XIV.
878 3748 969 3818 [145.
1007 3749 1043 3803 Zu
1062 3749 1109 3803 der
1120 3748 1301 3804 Protestation
1319 3749 1367 3804 des
1381 3750 1486 3822 Konigs
1505 3751 1588 3823 vergl.
1602 3752 1653 3805 Die

388 3839 536 3911 papstliche
560 3839 715 3906 Deiretale,
740 3839 839 3892 Histor.
861 3838 995 3909 Jahtbuch
1017 3838 1092 3904 1888,
1119 3853 1169 3908 217
1189 3838 1269 3893 Anm.
1289 3853 1313 3906 2,
1339 3838 1489 3893 ausserdem
1514 3839 1653 3893 Heinrichs

389 3927 533 3982 Schreiben
553 3945 586 3980 an
600 3926 748 3981 Ferdinand
766 3943 820 3981 von
838 3927 954 3997 Spanien
972 3925 998 3980 d.
1012 3927 1037 3981 d.
1056 3943 1080 3998 9.
1095 3926 1171 3998 April
1186 3926 1260 3996 1506.
1279 3928 1306 3981 in
1319 3926 1453 3983 welchern
1472 3944 1501 3982 er
1518 3936 1588 3985 trotz
1606 3928 1653 3982 des

389 4016 525 4070 Protestes
538 4015 580 4069 die
593 4016 741 4070 Prinzessin
754 4015 898 4069 Katharina
916 4013 941 4068 la
953 4014 1088 4086 princesse
1101 4032 1145 4068 ma
1158 4013 1259 4069 femme
1277 4024 1369 4071 nennt.
1399 4015 1536 4084 Gairdner,
1549 4015 1653 4071 Lettets

390 4104 442 4157 and
458 4103 556 4174 Papers
575 4101 608 4156 of
621 4103 736 4157 Richard
754 4102 800 4157 ΙΙΙ.
819 4102 871 4157 ancl
888 4102 980 4175 Henry
992 4103 1051 4158 VlI.
1070 4102 1091 4157 1.
1105 4102 1164 4172 285.
1201 4103 1252 4158 Die
1265 4104 1444 4159 Protestation
1462 4122 1527 4159 vom
1541 4121 1581 4175 27.
1594 4106 1654 4177 Juni

393 4206 458 4261 1505
480 4192 522 4245 bei
541 4190 638 4244 Bumet
657 4192 676 4246 1.
697 4191 766 4247 Coll.
785 4191 818 4245 11.
836 4209 862 4245 n.
876 4206 900 4245 2.
931 4180 1005 4246 Uber
1023 4190 1075 4245 den
1084 4190 1224 4246 Verfasser
1242 4192 1328 4247 dieses
1342 4192 1491 4247 Consilium
1509 4193 1593 4264 vergi.
1613 4192 1654 4247 die

392 4280 597 4351 Bemerlrungen
615 4297 647 4333 zu
666 4278 713 4333 der
731 4278 877 4351 folgenden
895 4279 942 4334 Nr.

940 4440 1005 4525 20.

391 4582 568 4652 Aussrilarliclae
592 4581 760 4652 Darstellung
783 4581 830 4634 der
852 4580 1064 4652 Verhandlungcn
1090 4584 1137 4634 mit
1161 4583 1210 4635 den
1238 4582 1380 4654 anglischen
1408 4580 1565 4646 Gesandten,
1590 4580 1656 4634 For-

285 4672 417 4742 derangera
438 4671 485 4724 der
505 4672 622 4739 letateren
646 4670 698 4722 und
719 4669 923 4741 Entgegnungen
945 4688 997 4725 von
1011 4670 1164 4743 pdpstlicher
1187 4670 1261 4736 Seite,
1284 4672 1346 4724 alles
1364 4672 1393 4723 in
1413 4670 1512 4740 Betreff
1531 4670 1578 4722 der
1595 4687 1656 4724 ver·

286 4761 391 4830 langten
409 4759 606 4812 Deiretalbulle.

394 4917 523 5040 1gacobo
542 4918 703 4984 Simonetta,
727 4916 841 4970 Auditor
863 4915 910 4970 der
928 4916 1005 4984 Rota,
1030 4916 1142 4971 Bischos
1157 4934 1212 4972 von
1237 4918 1344 4985 Pesaro‚
1370 4915 1440 4971 diter
1462 4915 1658 4971 Stellvertreter

288 4988 334 5041 des
353 4988 416 5041 lrran
436 5004 469 5041 en
486 4987 594 5041 Dekans
613 4987 660 5041 der
678 4987 757 5055 Rota,-
774 4986 857 5041 Paulo
876 4986 1028 5059 Capisuchi.
