3842 5592
259 334 325 410 1528
344 337 509 412 September.
1583 330 1625 393 45

256 499 452 588 generalibus
475 500 507 567 S.
532 501 576 568 M.
602 504 645 568 nri
669 500 844 585 domando,
868 524 963 569 corne
985 501 1171 590 passarebbe
1193 522 1303 592 questa
1326 525 1418 571 causa
1446 502 1497 570 del
1521 504 1626 570 matri-

257 606 379 674 monio.
425 606 462 674 lo
485 607 529 693 gli
553 609 677 695 risposi,
702 608 786 675 ch’io
811 631 863 676 era
886 631 951 675 uno
980 608 1020 676 de
1043 608 1064 675 li
1092 607 1186 676 iudici
1210 607 1368 698 deputati,
1400 621 1431 676 et
1460 609 1532 676 ch’il
1555 632 1626 676 sen·

257 713 390 780 tentiare
420 712 598 801 procedeva
628 714 678 782 dal
706 737 858 803 processo
887 726 919 782 et
946 714 1121 783 secundum
1151 713 1280 802 allegata
1311 727 1342 782 et
1369 714 1515 804 probata;
1546 716 1626 802 pero

257 839 324 883 non
346 818 373 884 si
396 830 511 906 poteva
534 843 650 887 ancora
666 819 842 903 intendere,
866 821 925 888 che
949 820 1145 888 resolutione
1168 818 1254 887 fusse
1270 843 1325 908 per
1349 821 1474 902 havere,
1498 843 1549 887 ma
1566 820 1625 888 che

257 921 287 990 di
310 924 425 991 iustitia
449 948 516 992 non
539 927 565 992 si
589 928 762 1008 mancaria‚·
785 939 816 995 et
839 926 859 993 li
883 928 1062 1015 soggiunsi:
1096 926 1178 1007 Ben,
1207 927 1266 993 che
1293 950 1334 993 ne
1364 949 1438 1014 pare
1469 927 1627 995 aVostra

256 1028 396 1096 Maesta?
423 1030 461 1098 Et
485 1031 527 1098 mi
552 1033 685 1121 rispose,
710 1032 769 1101 che
792 1057 861 1101 non
885 1055 937 1100 era
960 1032 1054 1102 dotto
1086 1045 1117 1101 et
1141 1033 1199 1100 che
1223 1033 1255 1099 in
1279 1031 1361 1099 simil
1385 1034 1448 1100 casi
1475 1032 1627 1101 usarebbe

257 1133 374 1224 l’opera
397 1135 428 1204 di
452 1138 503 1205 chi
525 1136 707 1207 intendesse
733 1141 788 1229 piu
811 1138 842 1207 di
866 1138 919 1222 lui,
943 1162 995 1207 ma
1019 1139 1077 1207 che
1100 1151 1213 1207 teneva
1237 1137 1256 1206 il
1280 1161 1314 1206 re
1337 1162 1397 1206 suo
1425 1137 1547 1207 fratello
1570 1162 1626 1228 per

256 1241 343 1307 savio
367 1253 399 1309 et
414 1241 534 1327 buon0‚
559 1257 591 1312 et
606 1244 665 1313 che
689 1245 817 1335 quando
842 1246 904 1333 egli
922 1268 1125 1326 conoscesse,
1151 1246 1211 1312 che
1234 1243 1318 1313 fusse
1340 1269 1397 1312 sua
1413 1244 1542 1333 moglie,
1567 1246 1626 1314 che

258 1369 324 1413 non
347 1348 560 1418 attentarebbe
588 1350 671 1418 simil
700 1375 775 1420 cosa
782 1378 792 1435 ;
827 1350 955 1442 quando
978 1352 1079 1420 anche
1109 1374 1175 1419 non
1203 1349 1289 1418 fusse
1318 1374 1374 1419 sua
1401 1351 1536 1439 moglie,
1566 1351 1625 1420 che

258 1475 309 1520 era
331 1476 409 1541 gran
433 1478 508 1523 cosa
530 1469 611 1525 stare
635 1459 667 1524 in
683 1470 825 1547 peccato,
849 1457 932 1527 dove
949 1457 1068 1527 andava
1087 1457 1114 1524 la
1137 1456 1235 1525 salute
1260 1455 1299 1525 de
1315 1456 1452 1526 l’anima.
1498 1458 1536 1526 Et
1556 1480 1626 1547 per·

258 1558 317 1626 che
340 1583 380 1627 ne
404 1559 436 1628 lo
459 1563 555 1630 intrar
587 1586 604 1630 a
626 1565 658 1631 S.
682 1565 728 1633 M.
751 1588 808 1654 per
836 1565 864 1632 11
888 1564 970 1632 calca
994 1563 1033 1631 de
1061 1564 1090 1631 le
1112 1565 1201 1652 genti
1229 1586 1296 1631 non
1320 1564 1410 1652 puoti
1433 1564 1548 1633 havere
1570 1564 1628 1632 alla

259 1688 354 1733 niano
383 1665 404 1733 11
432 1666 527 1737 breve
555 1668 586 1736 di
608 1671 650 1737 N.
680 1669 832 1758 Signore,
861 1669 893 1737 lo
922 1670 1080 1759 presentai
1108 1669 1195 1759 dopo
1224 1680 1308 1737 tutto
1339 1683 1454 1759 questo
1482 1672 1628 1758 ragiona·

259 1784 381 1856 mento,
405 1792 437 1841 et
459 1772 491 1841 lo
515 1774 606 1859 lesse,
630 1780 672 1844 ne
695 1775 774 1845 altro
798 1778 824 1844 si
848 1776 930 1844 disse
954 1799 1017 1844 eon
1033 1777 1064 1844 S.
1081 1777 1139 1859 M,
1161 1775 1249 1844 salvo
1274 1777 1333 1843 che
1355 1775 1388 1842 lo
1407 1777 1568 1861 ricerchai,
1592 1800 1627 1845 se

260 1900 310 1944 era
333 1900 389 1967 per
411 1881 526 1968 partire
552 1881 574 1947 il
597 1881 628 1950 dl
655 1901 824 1972 seguente‚
848 1883 908 1950 che
932 1887 949 1951 ὲ
973 1883 1083 1972 hoggi,
1107 1894 1139 1950 et
1160 1881 1378 1970 rispondendo
1403 1881 1462 1951 che
1485 1885 1521 1965 sl,
1544 1886 1627 1972 presi

259 1982 392 2067 licentia,
415 1984 444 2052 la
467 1987 557 2076 quale
582 1989 625 2055 mi
649 1988 735 2057 dette
759 2013 822 2057 con
846 1988 946 2057 molte
969 1988 1145 2058 amorevoli
1162 1987 1277 2087 =parole
1302 2001 1334 2055 et
1357 1986 1480 2070 offerte,
1505 2001 1537 2057 et
1560 1994 1627 2058 cosl
1749 2068 1751 2073 ,

259 2090 291 2156 10
314 2088 427 2158 ultimo
450 2091 524 2160 loco
547 2093 592 2182 gli
615 2093 722 2182 offersi
746 2094 774 2162 11
797 2094 914 2163 servitii
938 2097 1010 2163 mia.

362 2215 423 2283 Dal
445 2240 480 2284 re
502 2218 658 2306 partendo
681 2219 854 2287 andammo
878 2219 934 2287 alla
958 2221 1045 2287 reina
1069 2218 1192 2301 madre,
1220 2218 1278 2286 alla
1306 2218 1397 2308 quale
1424 2220 1526 2308 prima
1557 2242 1628 2309 pre·

259 2332 383 2389 sentato
405 2321 428 2389 11
450 2346 510 2391 suo
534 2307 684 2393 breve⁰et
706 2327 790 2413 posti
819 2349 837 2393 a
864 2325 991 2408 sedere,
1019 2336 1093 2413 post
1120 2323 1278 2412 generalia
1304 2324 1333 2392 le
1363 2326 1496 2414 proposi
1522 2323 1544 2392 li
1572 2325 1627 2395 doi

259 2426 351 2514 primi
374 2429 496 2496 anicoli
519 2443 666 2518 presente
689 2431 710 2498 il
733 2433 829 2501 Rmo.
853 2431 986 2520 Legato,
1009 2428 1049 2498 de
1072 2429 1100 2498 la
1128 2453 1204 2519 pace
1228 2441 1260 2498 et
1282 2431 1484 2499 restitutione
1512 2431 1543 2499 di
1566 2432 1627 2501 Ra·

259 2555 378 2615 venna,
401 2535 434 2601 in
458 2533 630 2604 substantia
657 2536 730 2627 quel
752 2536 947 2620 medesim0,
979 2536 1063 2604 ch’io
1093 2535 1190 2605 havea
1218 2534 1306 2604 detto
1335 2536 1363 2603 al
1392 2559 1441 2619 re,
1469 2535 1628 2605 facendoli

259 2637 434 2723 intendere,
458 2660 577 2730 quanto
594 2642 655 2710 Sua
671 2643 791 2712 Santitd
815 2641 980 2711 confidava
1002 2666 1044 2710 ne
1066 2642 1095 2709 la
1110 2641 1209 2710 1101111
1231 2660 1262 2709 et
1278 2644 1413 2710 11101111
1436 2665 1500 2724 sua,
1524 2641 1626 2711 molto

259 2745 450 2833 pregandola
473 2759 505 2816 et
528 2747 687 2831 instando,
711 2751 769 2817 che
794 2749 875 2818 oltre
898 2749 925 2816 la
948 2747 1055 2816 buona
1078 2760 1187 2816 mente
1215 2747 1266 2816 del
1289 2748 1538 2816 Cristianissimo
1566 2773 1626 2819 suo

259 2849 401 2940 figliuolo
426 2854 517 2922 auch’
541 2855 599 2923 ella
621 2855 746 2924 volesse
769 2857 939 2945 interporsi
968 2878 1026 2944 per
1048 2878 1237 2924 conservare
1261 2866 1292 2922 et
1315 2867 1502 2943 augmentat
1525 2855 1628 2946 quella

260 2970 367 3026 mente
391 2971 423 3027 et
445 2960 555 3028 buono
579 2963 688 3031 animo
711 2985 782 3045 suo,
810 2985 873 3029 con
896 2973 977 3039 tutte
1005 2960 1107 3053 quelle
1131 2959 1238 3050 parole
1262 2972 1294 3028 et
1318 2958 1470 3044 efficacia,
1500 2961 1559 3029 che
1582 2963 1628 3030 mi

259 3086 352 3151 parve
376 3063 485 3135 dextra
508 3079 540 3135 et
563 3081 752 3157 opportuna.
798 3068 830 3137 S.
854 3069 899 3136 M.
923 3065 1167 3156 respondendo,
1195 3067 1313 3155 perche
1341 3066 1465 3155 parlava
1486 3067 1628 3137 francese

258 3167 337 3253 fece,
361 3171 445 3239 ch'io
468 3196 510 3242 ne
534 3172 641 3261 perdei
658 3174 757 3242 nrolte
779 3174 897 3264 parole,
917 3176 996 3263 pero
1013 3175 1057 3241 mi
1080 3175 1202 3263 riporto
1225 3177 1279 3263 piu
1302 3176 1335 3240 in
1352 3186 1465 3263 questo
1486 3173 1515 3240 11
1530 3175 1626 3244 Rmo.

258 3274 390 3364 Legato,
414 3276 435 3344 il
457 3278 547 3368 quale
571 3304 665 3348 come
688 3281 805 3370 quello,
829 3281 888 3349 che
913 3280 952 3347 ha
974 3282 1027 3369 piu
1050 3282 1083 3348 in
1106 3282 1223 3368 pratica
1246 3291 1278 3347 et
1294 3278 1441 3347 Madama
1464 3291 1496 3348 et
1518 3293 1627 3370 questa

259 3379 379 3470 lingua,
403 3383 518 3452 havera
543 3409 624 3454 anco
654 3388 768 3456 inteso.
820 3388 856 3454 lo
885 3398 974 3455 tanto
1004 3409 1044 3454 ne
1073 3386 1116 3454 ho
1146 3389 1266 3468 inteso,
1295 3385 1354 3453 che
1382 3387 1556 3474 compresi,
1587 3384 1627 3454 lei

259 3510 363 3557 essere
386 3488 496 3559 donna
517 3492 620 3561 molto
644 3494 730 3581 sagia
753 3506 785 3562 et
806 3492 962 3582 prudente
990 3512 1021 3561 et
1050 3493 1109 3561 che
1137 3491 1266 3561 intenda
1289 3491 1370 3561 bene
1397 3490 1419 3559 li
1446 3493 1568 3580 negotii
1597 3512 1628 3560 et

259 3591 399 3663 discorra
420 3595 450 3664 le
474 3620 550 3667 cose
578 3599 682 3667 molto
711 3598 803 3668 bene.
849 3599 893 3667 La
921 3601 1062 3688 cognovi
1085 3598 1188 3666 molto
1212 3598 1383 3666 inclinare¹
1411 3597 1469 3666 1111
1496 3620 1573 3685 pace
1597 3618 1629 3666 et

259 3698 414 3769 detestare
432 3703 535 3771 molto
559 3705 587 3772 la
609 3728 722 3794 guerra
746 3718 778 3774 et
793 3718 907 3796 pronta
929 3705 968 3774 ad
991 3707 1194 3793 interponere
1211 3705 1288 3792 ogni
1310 3728 1365 3771 sua
1382 3727 1488 3794 opera,
1511 3704 1628 3793 perche

259 3807 411 3894 seguisca,
436 3827 466 3876 et
490 3809 598 3894 cred0,
626 3811 674 3878 s'il
697 3813 722 3878 si
746 3812 903 3881 attacherl
930 3810 1061 3902 qualche
1084 3812 1215 3899 pratica,
1245 3830 1276 3878 et
1305 3813 1372 3878 sara
1395 3811 1544 3879 ricercata
1572 3833 1629 3899 per

259 3912 409 3982 risolvere
432 3915 563 4004 qualche
587 3915 747 4002 difficultat,
771 3918 830 3986 che
855 3919 887 3985 lo
911 3917 974 3987 1111
996 3929 1231 4008 prontamente.
1267 3917 1467 3985 Similmente
1492 3915 1628 3984 biasimd

258 4020 337 4086 assai
360 4019 389 4087 la
412 4024 623 4112 occupatione
646 4023 686 4093 de
709 4024 738 4092 le
760 4036 843 4093 terre
868 4024 899 4092 di
922 4025 985 4092 Sua
1007 4025 1137 4106 Santitl,
1161 4036 1192 4092 et
1215 4023 1236 4090 li
1259 4046 1333 4112 pare
1357 4046 1431 4092 cosa
1456 4021 1558 4091 molto
1582 4025 1628 4089 in-

259 4124 337 4193 iusta
360 4145 391 4194 et
414 4129 530 4218 iniqua,
554 4149 586 4198 et
608 4131 635 4198 si
658 4129 784 4215 offerse,
814 4129 872 4199 che
900 4153 1051 4225 appresso
1080 4129 1101 4197 il
1124 4130 1373 4198 Cristianissimo
1407 4153 1474 4197 non
1504 4151 1629 4196 manca·

259 4228 371 4313 rebbe,
400 4231 537 4302 dicendo
566 4238 659 4324 perd,
689 4236 799 4304 ch'ella
826 4259 955 4325 sapeva,
988 4235 1061 4304 ch'il
1091 4234 1212 4324 prefato
1241 4258 1308 4302 non
1338 4258 1390 4303 era
1418 4246 1565 4302 mancato
1597 4233 1628 4301 di

258 4357 437 4423 procurare,
466 4341 525 4408 che
553 4341 656 4433 quelle
691 4361 773 4410 terre
807 4366 841 4409 se
873 4343 1107 4424 restituisseno;
1140 4360 1172 4410 et
1204 4341 1371 4411 exhortoci
1398 4364 1415 4407 a
1447 4341 1582 4408 scrivere
1611 4363 1629 4406 a

258 4441 299 4510 N.
316 4444 463 4533 Signore,
487 4447 515 4515 al
538 4447 609 4537 qual
632 4460 733 4537 spetta
756 4471 948 4538 promovere
971 4449 1049 4539 ogni
1071 4461 1167 4517 tratto
1191 4445 1224 4514 di
1244 4470 1331 4536 pace,
1354 4470 1372 4513 a
1397 4469 1465 4513 non
1481 4467 1628 4513 mancare

259 4547 290 4617 di
313 4554 392 4639 ogni
416 4552 525 4622 buono
541 4566 674 4644 paterno
691 4553 811 4639 officio,
835 4553 973 4623 dicendo
989 4554 1049 4622 che
1064 4576 1255 4636 conosceva,
1279 4553 1338 4620 che
1354 4552 1383 4619 le
1399 4572 1513 4638 guerre
1529 4573 1627 4617 erano

259 4654 286 4723 la
308 4660 398 4726 ruina
421 4658 461 4727 de
484 4660 505 4727 li
527 4663 618 4749 regni
642 4672 673 4729 et
696 4660 737 4729 de
759 4660 787 4729 la
810 4663 998 4743 cristianitd,
1026 4684 1078 4728 ma
1106 4658 1373 4749 precipualnrente
1397 4655 1436 4724 de
1459 4655 1487 4723 11
1509 4678 1629 4744 povera

258 4762 352 4848 Italia,
377 4776 409 4832 et
432 4765 460 4833 la
481 4766 654 4856 grandezza
677 4765 717 4834 de
740 4768 761 4835 li
784 4766 913 4851 infideli,
938 4780 969 4835 et
986 4779 1073 4835 certo
1098 4768 1143 4834 mi
1165 4788 1239 4854 pare
1257 4765 1371 4833 havere
1395 4762 1504 4828 animo
1525 4759 1630 4831 molto

259 4910 468 4922 ———-——

366 4988 374 5017 ¹
394 4978 446 5034 Th.
465 4980 596 5037 inclinata.
