3842 5592
248 341 315 399 ¹5²9
333 326 401 397 Jnni.
1554 314 1615 377 113

245 483 423 555 dummodo
440 484 502 552 Sua
517 485 637 553 Santita
660 508 726 552 non
750 483 846 553 faccia
869 484 978 554 alcuna
1002 508 1076 554 cosa
1100 499 1209 554 contra
1234 483 1330 552 dilui
1354 485 1385 551 in
1410 506 1519 575 questa
1542 510 1616 554 avo-

244 594 379 660 catione.
418 592 456 659 Et
480 592 524 658 mi
549 591 586 658 ha
610 610 765 659 mostrato
790 615 851 659 una
873 591 983 659 lettera
1007 591 1046 659 de
1069 591 1089 658 li
1113 593 1182 659 suoi
1208 596 1326 659 oratori
1350 590 1380 659 di
1398 592 1457 658 Vll
1473 590 1523 659 del
1547 616 1616 681 pre-

245 711 350 778 sente,
381 720 437 787 per
464 696 491 765 la
514 697 604 787 quale
634 700 784 765 scrivono
813 697 834 764 il
864 700 1107 786 ragionamento
1139 698 1256 766 havuto
1286 722 1380 787 sopra
1412 697 1441 766 di
1473 701 1523 767 cib
1554 723 1617 766 con

244 804 286 872 N.
303 805 439 892 Signore
463 806 495 871 in
518 803 742 892 persuadergli,
767 803 824 871 che
850 827 916 871 non
940 805 1026 890 vogli
1050 804 1179 871 alterare
1203 804 1333 872 l’anirno
1358 804 1389 872 di
1405 805 1466 872 Sua
1486 805 1618 888 Maesta,

248 932 299 978 »et
322 910 380 978 che
404 911 466 977 Sua
489 910 607 977 Santita
632 911 658 977 ci
683 911 722 978 ha
745 933 927 998 promesso,
953 911 1011 977 che
1035 933 1101 977 non
1125 909 1188 977 fara
1212 934 1286 978 cosa
1309 909 1449 978 alcuna«
1498 912 1538 978 Di
1563 913 1618 1000 poi

245 1018 475 1104 soggiungono
503 1017 535 1082 in
559 1013 643 1083 detta
672 1015 796 1098 lettera,
829 1016 887 1083 che
910 1016 971 1084 Sua
1000 1016 1198 1084 Beatitudine
1226 1016 1265 1084 ha
1294 1041 1334 1084 ne
1362 1019 1390 1085 la
1413 1019 1534 1085 Maestal
1557 1018 1619 1084 Sua

247 1121 345 1189 molta
368 1120 449 1205 fede,
474 1122 532 1189 che
548 1123 580 1188 iu
597 1142 711 1211 questo
733 1135 861 1190 trattato
879 1120 910 1189 di
933 1145 1009 1210 pace
1036 1146 1102 1189 non
1127 1122 1237 1192 habbia
1256 1147 1273 1190 a
1290 1146 1436 1192 mancare
1452 1124 1483 1192 di
1502 1123 1619 1212 quella,

247 1228 305 1295 che
328 1251 454 1316 sempre
479 1227 518 1294 ha
547 1227 624 1295 fatto
655 1230 688 1294 in
711 1227 819 1296 lavore
845 1248 875 1296 et
898 1227 1055 1295 beneficio
1080 1228 1110 1296 di
1139 1229 1240 1319 quella
1263 1249 1351 1297 santa
1375 1229 1474 1310 Sede,
1503 1241 1534 1297 et
1561 1230 1620 1298 che

246 1336 304 1422 ipsi
327 1336 496 1415 iusserunt,
519 1334 724 1403 Sanctitatem
741 1334 837 1402 Suam
861 1334 949 1402 bono
973 1336 1081 1402 animo
1099 1360 1178 1417 esse,
1203 1336 1261 1403 che
1286 1348 1396 1425 questa
1411 1337 1533 1404 Maesta
1552 1360 1619 1403 non

247 1444 403 1521 mancarl,
425 1440 544 1529 purche
568 1441 631 1508 Sua
653 1441 773 1509 Santita
795 1465 862 1508 non
886 1444 995 1508 innovi
1019 1442 1130 1510 alcuna
1154 1465 1228 1510 cosa
1252 1444 1282 1509 in
1308 1455 1418 1531 questa
1441 1466 1495 1510 sna
1519 1466 1620 1525 causa,

247 1547 305 1616 che
330 1547 420 1615 habbi
443 1546 481 1615 ad
504 1548 633 1616 alterare
657 1548 787 1615 l'anirno
811 1572 886 1629 sn0;
913 1549 991 1616 »che
1015 1549 1077 1616 Sua
1093 1548 1290 1616 Beatitudine
1313 1551 1446 1637 rispose,
1470 1550 1528 1617 che
1552 1572 1620 1616 non

247 1652 441 1723 dubitassino
466 1654 496 1723 di
521 1657 586 1738 cio,
619 1655 677 1723 che
706 1657 759 1744 piu
786 1675 893 1743 presto
922 1679 975 1722 era
996 1677 1053 1743 per
1079 1657 1159 1744 patir
1187 1658 1264 1743 ogni
1288 1679 1366 1744 gran
1390 1679 1465 1723 cosa
1496 1658 1528 1722 in
1552 1678 1622 1743 per·

248 1784 328 1827 sona
350 1785 435 1829 sua«

354 1884 700 1955 Raccornrnandandoli
725 1887 756 1952 io
780 1885 809 1952 le
833 1908 908 1952 cose
932 1883 963 1951 di
987 1884 1089 1974 quella
1110 1896 1199 1951 santa
1216 1884 1299 1953 Sede
1323 1897 1354 1952 et
1377 1883 1408 1952 di
1427 1884 1468 1952 N.
1486 1885 1622 1972 Signore

248 1993 391 2075 ricercai,
420 2016 454 2059 se
481 1992 513 2059 S.
537 1992 582 2059 M.
608 1991 768 2060 mandaria
796 1990 909 2058 alcuno
934 2014 950 2058 a
974 2003 1083 2080 questa
1110 1989 1193 2058 dieta
1201 2017 1210 2075 ;
1246 2002 1435 2079 suprastette
1463 1990 1622 2079 alquant0,

248 2099 302 2186 poi
326 2100 369 2166 mi
394 2097 487 2180 disse,
512 2098 570 2165 che
594 2121 661 2165 non
685 2097 804 2164 haveva
827 2120 943 2165 ancora
967 2095 1149 2179 deliberat0,
1173 2120 1225 2164 ma
1249 2096 1307 2164 che
1332 2095 1490 2164 mandaria
1514 2096 1535 2164 il
1559 2121 1623 2165 car·

249 2202 352 2272 dinale
368 2203 511 2294 expedita
535 2214 645 2293 questa
662 2227 769 2286 causa3
802 2215 833 2271 et
856 2201 1015 2270 dicendoli
1038 2205 1081 2284 in,
1106 2203 1165 2270 che
1183 2225 1250 2269 non
1275 2226 1326 2270 era
1349 2202 1497 2290 possibile
1514 2215 1623 2293 questa

250 2308 451 2397 expeditione
475 2311 501 2378 si
524 2309 643 2378 facesse
672 2312 704 2377 in
728 2322 849 2398 temp0‚
878 2310 922 2376 mi
946 2311 1067 2397 rispose
1092 2308 1163 2377 ch'il
1188 2309 1447 2390 Cristianissimo,
1476 2309 1622 2378 havendo

250 2413 291 2482 lui
314 2414 392 2484 fatto
415 2428 505 2484 tanto
529 2439 584 2504 per
600 2417 631 2483 ὃ.
648 2417 705 2499 M,
729 2440 794 2483 nou
811 2415 831 2482 li
856 2417 1013 2483 mancaria
1036 2414 1067 2482 di
1091 2437 1245 2502 prorogar
1267 2414 1296 2482 la
1311 2439 1396 2497 cosa,
1421 2428 1453 2483 et
1471 2418 1623 2505 parvenri,

251 2520 308 2588 che
332 2544 469 2609 pouesse
486 2536 599 2612 questo
623 2546 681 2611 pro
699 2522 867 2604 constanti,
892 2520 1080 2589 affirmando
1100 2520 1173 2588 ch’il
1197 2534 1359 2589 convento
1383 2521 1413 2590 di
1430 2534 1540 2611 queste
1556 2523 1624 2589 Ma·

250 2626 342 2695 dame
371 2651 438 2695 non
462 2628 591 2697 sarebbe
614 2628 664 2696 alli
686 2628 813 2711 XXVI,
842 2651 936 2695 corne
960 2628 1124 2696 scriveano
1147 2626 1178 2695 di
1202 2628 1345 2710 Francia,
1375 2651 1426 2695 ma
1450 2652 1483 2695 se
1511 2650 1624 2716 proro-

250 2734 349 2821 garia‚
378 2745 411 2801 et
433 2736 478 2802 mi
506 2734 589 2803 disse
612 2736 680 2823 piu,
709 2735 767 2802 che
791 2757 847 2822 per
876 2733 907 2801 1ο
932 2736 1077 2803 intimare
1106 2733 1185 2802 della
1213 2756 1342 2822 guerra,
1371 2733 1495 2803 ch'esso
1523 2735 1620 2802 havea

250 2838 328 2907 fatto
351 2863 369 2907 a
393 2840 520 2924 Cesare,
543 2852 623 2909 tutte
647 2839 675 2908 le
694 2840 764 2909 loro
789 2839 1002 2929 capitulationi
1027 2864 1124 2908 erano
1147 2852 1230 2910 rotte
1256 2864 1273 2907 e
1296 2838 1395 2922 finite,
1419 2864 1436 2906 e
1460 2843 1538 2928 perd
1562 2841 1621 2909 che

251 2969 316 3014 non
334 2945 527 3031 basterebbe,
551 2949 610 3015 che
633 2949 664 3015 in
681 2958 791 3037 questa
812 2970 890 3036 pace
909 2946 958 3015 dal
974 2948 1223 3016 Cristianissimo
1246 2946 1330 3015 fusse
1346 2947 1503 3014 chianiato
1527 2971 1622 3016 come

252 3050 473 3138 confederat03
506 3058 547 3121 ne
571 3077 652 3121 anco
676 3056 702 3120 si
725 3066 841 3142 poteva
864 3052 944 3135 sare,
973 3053 1087 3142 ch’egli
1110 3055 1135 3121 si
1159 3052 1340 3121 intendesse
1364 3076 1535 3142 compreso
1559 3078 1622 3121 con

250 3156 279 3226 le
303 3158 516 3247 capitulationi
545 3162 688 3249 antique,
717 3160 833 3248 perche
861 3183 929 3227 non
954 3158 1138 3249 expediebat
1166 3161 1210 3227 eis
1240 3172 1272 3226 et
1300 3183 1414 3227 manco
1443 3157 1471 3225 al
1495 3159 1622 3228 Cristia-

251 3266 396 3345 nissim0,
424 3264 593 3334 essendovi
622 3265 721 3333 molte
752 3289 842 3347 cose,
872 3264 930 3333 che
953 3267 1078 3333 seriano
1103 3278 1213 3333 contra
1241 3264 1273 3333 di
1300 3264 1358 3347 lni,
1389 3265 1505 3353 perche
1529 3263 1623 3355 quelli

172 3368 178 3380 ’
251 3372 366 3439 trattati
388 3369 484 3439 furon
512 3370 578 3440 fatti
603 3371 653 3440 col
679 3383 806 3440 trattato
831 3370 881 3439 del
910 3373 1116 3439 matrimonio
1146 3370 1236 3439 dela
1260 3371 1451 3459 principessa
1475 3393 1536 3437 con
1562 3371 1623 3438 Ce-

252 3499 330 3559 sare‚
354 3489 386 3545 et
409 3479 489 3546 inter
512 3477 583 3561 alia,
608 3476 710 3546 cheli
738 3479 902 3547 havevano
925 3500 1093 3567 promesso
1118 3475 1287 3545 defendere
1314 3499 1388 3543 eum
1413 3478 1445 3542 in
1469 3478 1637 3564 possessis·

253 3595 284 3651 et
306 3582 505 3672 possidendis
528 3586 663 3674 propriis
686 3586 860 3673 expensis¹.
906 3584 945 3652 Et
967 3585 998 3651 in
1022 3581 1100 3652 fatto
1129 3582 1157 3650 la
1181 3595 1289 3651 mente
1315 3582 1345 3650 di
1369 3593 1479 3671 questa
1502 3581 1625 3650 Maesta

252 3691 296 3756 mi
318 3712 393 3777 pare
415 3688 546 3759 tendere
561 3703 681 3781 quanto
704 3694 779 3779 pud,
804 3691 862 3758 che
882 3694 948 3758 cosi
971 3702 1078 3778 presto
1098 3713 1165 3757 nnn
1181 3690 1207 3756 si
1231 3688 1367 3777 proceda
1383 3712 1400 3755 a
1416 3686 1624 3756 conclusione

252 3796 284 3862 in
301 3808 410 3886 questa
433 3795 526 3879 dieta,
550 3795 638 3865 voler
655 3796 769 3865 vedere
793 3799 893 3886 prima
916 3795 937 3863 il
952 3795 1016 3864 line
1039 3795 1071 3864 di
1087 3808 1196 3886 questa
1220 3819 1274 3863 sna
1291 3818 1382 3863 causa
1406 3808 1437 3863 et
1461 3796 1515 3883 poi
1535 3818 1623 3861 man-

253 3900 326 3971 dare
354 3901 375 3968 il
398 3901 553 3972 cardinale
581 3917 613 3971 et
635 3902 700 3971 lare
723 3928 740 3970 a
764 3928 807 3971 un
833 3916 945 3991 tempo
974 3901 1153 3971 medesinro
1182 3926 1288 3970 nuove
1319 3900 1532 3990 capitulationi
1561 3924 1623 3968 con

254 4006 370 4075 Cesare
394 4021 426 4076 et
448 4032 627 4097 procurare,
651 4010 709 4077 che
734 4012 760 4076 si
783 4008 937 4078 concluda
959 4008 988 4076 la
1012 4032 1088 4098 pace
1112 4007 1297 4076 universale.

357 4132 394 4199 lo
422 4131 462 4201 da
489 4134 567 4220 ogni
595 4146 682 4222 parte
711 4132 855 4215 intend0‚
887 4133 945 4201 che
974 4132 1120 4201 Madarna
1148 4132 1339 4220 Margherita
1369 4129 1471 4200 molto
1500 4133 1579 4199 insta
1608 4155 1625 4197 a

254 4252 362 4327 questa
384 4239 477 4321 dieta,
502 4252 534 4308 et
557 4240 615 4307 che
639 4241 716 4327 ogni
740 4239 770 4308 dl
795 4262 900 4307 cresce
922 4238 951 4306 la
974 4262 1122 4327 speranza
1146 4237 1185 4306 de
1208 4238 1236 4305 la
1260 4261 1347 4327 pace.
1393 4238 1429 4304 lo
1453 4261 1512 4304 son
1542 4249 1624 4304 stato

254 4345 285 4412 in
302 4344 433 4434 qualche
457 4346 621 4434 opinione,
645 4348 704 4413 che
727 4344 758 4414 di
781 4348 832 4434 gia
848 4346 966 4414 Cesare
990 4360 1021 4414 et
1044 4345 1064 4412 il
1081 4346 1331 4413 Cristianissinro
1354 4342 1476 4411 iussero
1500 4345 1531 4409 in
1549 4365 1626 4409 con·

255 4449 375 4535 cordia,
400 4463 431 4520 et
454 4451 497 4518 ho
520 4454 706 4540 presentito,
735 4453 793 4520 che
816 4464 926 4541 questa
949 4453 1070 4520 Maesta
1094 4476 1111 4518 e
1135 4450 1155 4517 il
1179 4449 1334 4519 cardinale
1357 4471 1438 4516 anco
1463 4449 1570 4516 hanno
1594 4446 1624 4514 di

255 4558 305 4624 cib
328 4555 484 4641 dubitato;
512 4580 589 4645 pure
606 4559 683 4626 hora
707 4560 751 4625 mi
774 4581 858 4646 pare,
883 4558 941 4626 che
958 4557 1061 4626 molto
1085 4559 1111 4624 si
1127 4569 1335 4647 promettono
1359 4553 1398 4622 de
1414 4554 1442 4621 la
1466 4552 1626 4634 dilatione,

256 4673 286 4729 et
309 4663 367 4730 che
391 4684 457 4730 non
482 4664 507 4730 si
530 4663 594 4732 fara
616 4687 709 4730 senza
726 4663 932 4731 conclusione
956 4663 994 4732 de
1010 4663 1039 4730 le
1056 4687 1132 4731 cose
1155 4663 1225 4729 loro
1246 4685 1307 4729 con
1324 4661 1452 4741 Cesare,
1479 4670 1529 4725 »et
1545 4659 1628 4724 inter

255 4807 464 4818 ww..—

316 4963 332 5036 Ι
362 4890 517 4978 {Gemeint
540 4893 597 4948 sind
622 4894 664 4947 die
678 4894 809 4965 Vertra'tge
833 4911 886 4948 von
910 4895 1030 4965 Brugge,
1055 4909 1096 4962 25.
1117 4892 1222 4962 August
1244 4905 1318 4958 1521,
1344 4887 1397 4942 und
1420 4905 1473 4942 von
1494 4884 1629 4949 Windsor,

259 4977 298 5034 ¹9·
333 4982 377 5019 uni
398 4980 474 5035 1522.

310 5069 414 5125 Eluas,
428 5070 556 5114 Rdmtanhn
572 5071 728 5115 ltnlrunientn.
1486 5068 1497 5108 θ
