3842 5592
260 374 326 443 1528
344 374 411 445 Juni.

909 536 972 620 28.

359 675 538 744 Clemens
557 676 627 744 VH.
651 700 691 743 an
714 673 861 745 Kardinal
885 676 1058 745 Farnese.
1106 677 1250 761 Viterbo,
1276 698 1304 765 3.
1328 679 1401 764 Juni
1429 680 1523 764 1528.

360 835 462 905 Betrrffl
479 835 564 888 dassen
582 835 740 908 Ermuuung
758 853 813 905 qum
832 836 946 907 Legatcn
960 837 1013 907 fiir
1030 837 1073 890 die
1092 836 1165 891 Stadt
1184 838 1249 893 Rom
1272 854 1307 890 an
1326 836 1401 891 Stella
1421 838 1464 890 des
1483 837 1626 891 Kardinals

259 923 423 996 Campeggio,
441 924 526 978 dcssrn
546 924 665 995 Sendung
684 924 747 978 nach
766 924 889 996 England
906 942 959 978 von
977 924 1101 978 Heinrich
1117 924 1187 979 VIII.
1206 925 1335 996 dringend
1350 925 1496 997 gavumche
1513 925 1589 978 wird.

548 1064 727 1133 Venerabili
751 1063 836 1133 fratri
859 1065 1041 1134 Alexandro
1066 1088 1160 1155 eppo.
1185 1065 1339 1134 Ostiensi.

360 1206 444 1274 Ven.
459 1204 497 1274 Ir.
515 1230 546 1274 n.
563 1204 617 1274 sal.
656 1207 740 1274 Cum
764 1206 881 1275 indies
904 1209 1005 1295 magis
1028 1230 1198 1295 urgeamur
1221 1206 1258 1275 ab
1278 1205 1455 1274 oratoribus
1474 1206 1626 1274 carissimi

257 1314 288 1380 in
305 1312 434 1381 Christo
458 1311 513 1380 filii
535 1313 635 1381 nostri
658 1313 789 1380 Henrici
804 1312 938 1401 Angliae
962 1314 1045 1402 regis
1068 1314 1205 1397 illustris,
1228 1312 1302 1381 fidei
1321 1311 1508 1394 defensoris,
1532 1335 1626 1401 super

256 1420 353 1487 missu
377 1418 482 1488 dilecti
508 1417 563 1486 filii
587 1419 687 1487 nostri
710 1420 869 1487 Laurentii
893 1418 1056 1487 cardinalis
1080 1420 1262 1509 Campegii,
1286 1442 1347 1486 nos
1370 1430 1404 1487 ut
1427 1419 1554 1486 interim
1577 1441 1625 1486 re-

255 1526 367 1615 gimini
394 1525 496 1594 almae
518 1523 603 1593 urbis
627 1538 754 1595 nostrae
778 1524 995 1609 consulamus,
1024 1525 1190 1616 prudentia
1213 1538 1245 1595 et
1267 1526 1382 1593 virtute
1407 1524 1626 1614 Circumspec-

256 1633 351 1701 tionis
367 1631 458 1701 Tuae
481 1633 514 1700 in
531 1629 643 1700 eadem
666 1631 743 1700 urbe
765 1633 811 1700 uti
834 1630 981 1722 illamque
1003 1631 1143 1721 legatum
1160 1643 1307 1701 nostrum
1331 1643 1362 1700 et
1385 1631 1477 1699 huius
1500 1642 1626 1699 sanctae

256 1738 338 1806 sedis
360 1738 436 1806 inibi
459 1737 574 1806 habere
598 1760 802 1827 cuperemus:
826 1739 931 1828 itaque
955 1738 1012 1806 hac
1036 1737 1076 1807 de
1099 1762 1191 1806 causa
1214 1736 1365 1805 dilectum
1387 1736 1488 1805 filium
1511 1738 1625 1804 Ansm.

257 1844 296 1912 de
323 1844 466 1934 Hispello
497 1845 704 1913 camerarium
733 1863 879 1913 nostrum
909 1844 948 1912 ad
976 1843 1060 1912 illam
1090 1842 1282 1913 mittendum
1313 1841 1475 1926 duximus,
1507 1844 1535 1911 ei
1563 1843 1626 1911 hoc

257 1964 401 2021 nostrum
425 1948 616 2020 desiderium
641 1951 877 2039 explicaturum,
901 1952 983 2019 sicut
1006 1975 1043 2019 ex
1068 1975 1108 2019 eo
1131 1951 1254 2040 plenius
1277 1950 1440 2039 intelliget.

360 2076 479 2143 Datum
501 2074 634 2144 Viterbii
660 2095 689 2163 3.
713 2076 792 2144 Iunii
821 2078 913 2162 1528.
959 2078 1057 2144 Anno
1081 2076 1204 2165 quinto.
1387 2162 1421 2230 Bl
1445 2126 1469 2176 a·

1423 2185 1520 2231 osius.

467 2323 542 2377 brev.
561 2323 625 2378 min.
644 2321 698 2378 vol.
718 2337 751 2377 22
770 2340 795 2377 n.
810 2322 871 2389 466.
907 2323 963 2378 Der
977 2322 1038 2395 Tag
1056 2322 1103 2376 der
1121 2322 1285 2394 Emeunung
1302 2339 1360 2376 war
1378 2320 1420 2376 fiir
1437 2321 1515 2376 beide
1533 2320 1626 2376 Kardi-

361 2410 421 2466 nale
440 2411 487 2466 der
505 2412 530 2467 8.
548 2411 609 2484 Juni
632 2413 705 2481 1528.
743 2412 783 2482 (S.
802 2421 885 2466 unten
903 2411 945 2466 die
964 2411 1032 2466 Acta
1051 2410 1265 2481 consistorialia.)

913 2625 970 2710 87.

446 2765 628 2835 Clemens
653 2766 722 2833 VII.
770 2766 943 2835 Universis.
990 2764 1135 2849 Viterbo,
1164 2787 1212 2853 17.
1235 2765 1308 2851 Juni
1336 2784 1371 2851 15
1399 2766 1428 2833 8.

360 2924 509 2996 Pdpstliclres
526 2925 734 2979 Geleitschreiben
743 2925 796 2996 fair
812 2924 945 2980 Gardiner
962 2942 1008 2995 <ur
1026 2925 1098 2980 Reise
1116 2925 1180 2979 nach
1198 2923 1316 2996 Venedig.

362 3065 445 3133 Cum
470 3065 601 3134 dilectus
628 3065 710 3134 filius
733 3066 911 3156 Stephanus
935 3064 1139 3149 Gardinerus‚
1162 3065 1362 3134 Serenissimi
1385 3066 1468 3153 regis
1491 3063 1625 3152 Angliae

257 3190 372 3254 orator,
395 3172 525 3240 anobis
548 3171 714 3241 discedens
730 3173 882 3241 Venetias
905 3171 1132 3262 proficiscatur,
1156 3194 1216 3238 nos
1232 3172 1285 3261 qui
1308 3172 1412 3260 ipsum
1428 3164 1624 3260 Stephanum

255 3276 322 3344 talis
344 3279 428 3367 regis
450 3301 622 3367 personam
644 3278 836 3348 referentem
863 3278 1091 3368 praeclarisque
1114 3277 1279 3346 virtutibus
1303 3289 1451 3346 ornatum
1475 3276 1625 3365 singulari

256 3396 287 3450 et
307 3385 473 3473 praecipua
497 3384 646 3453 charitate
670 3383 839 3473 diligimus,
863 3408 979 3453 omnes
1003 3396 1035 3453 et
1057 3383 1200 3470 singulos
1224 3384 1388 3452 hortamur
1411 3384 1443 3450 iu
1467 3383 1624 3466 Domino,

255 3488 384 3558 subditis
400 3514 478 3559 vero
493 3492 611 3561 nostris
634 3490 771 3560 mediate
786 3490 837 3559 vel
860 3490 1043 3560 immediate
1058 3489 1152 3560 nobis
1171 3488 1329 3573 subiectis,
1351 3488 1623 3577 guhematoribus,

254 3593 514 3680 locatenentibus,
537 3597 672 3686 populis,
697 3596 987 3680 communitatibus,
1011 3595 1264 3666 universitatibus
1279 3597 1395 3664 virtute
1418 3607 1544 3663 sanctae
1568 3594 1623 3663 ob·

255 3701 408 3770 edientiae
437 3713 469 3771 et
495 3702 553 3770 sub
580 3725 684 3792 poena
711 3704 814 3772 nostri
841 3702 958 3772 arbitrii
985 3703 1205 3792 praecipimus,
1233 3715 1267 3771 ut
1294 3704 1398 3792 ipsum
1426 3701 1623 3790 Stephanum

255 3831 327 3876 cum
343 3807 492 3876 omnibus
515 3820 674 3900 quotquot
695 3808 811 3878 fuerint
833 3809 1037 3878 servitoribus
1060 3822 1092 3877 et
1107 3807 1276 3879 comitibus
1299 3811 1363 3877 suis
1385 3820 1451 3877 tam
1467 3808 1624 3899 equitibus

255 3937 347 4002 quam
370 3913 528 4003 peditibus
558 3939 686 3984 necnon
715 3915 822 3998 rebus,
845 3915 960 3984 valisiis
988 3939 1044 3984 seu
1071 3916 1201 3984 sarcinis
1231 3917 1295 3984 suis
1324 3915 1563 4006 quibuscunque
1590 3917 1623 3983 in

255 4021 370 4089 nostris
397 4020 476 4089 locis
503 4020 641 4110 benigne
668 4040 762 4110 atque
790 4021 968 4091 honorifice
995 4023 1170 4111 suscipiatis
1198 4035 1230 4091 et
1252 4026 1401 4108 tractetis,
1429 4047 1490 4093 nec
1517 4021 1622 4092 solum

254 4148 309 4214 per
330 4128 398 4216 ipsa
419 4127 490 4194 loca
512 4145 621 4195 nostra
644 4150 754 4196 secure
777 4151 814 4195 ac
836 4126 933 4196 libere
955 4140 987 4196 et
1010 4129 1079 4196 sine
1101 4129 1163 4198 ulla
1178 4128 1263 4214 datii,
1283 4129 1423 4219 gabellae
1446 4154 1502 4199 seu
1522 4130 1622 4198 cuius-

254 4233 300 4301 vis
322 4233 447 4302 alterius
470 4234 577 4301 oneris
604 4233 765 4302 solutione
788 4236 921 4303 transire
943 4236 1141 4324 permittatis,
1169 4233 1345 4304 sedetiam
1373 4236 1412 4305 de
1436 4249 1540 4305 scorta
1566 4259 1622 4303 seu

256 4340 414 4408 comitissa
438 4352 470 4408 et
492 4338 741 4409 salvoconductu
764 4364 892 4409 necnon
916 4342 1005 4431 equis
1028 4354 1060 4411 et
1083 4343 1202 4411 itineris
1226 4341 1366 4426 ducibus,
1390 4354 1470 4432 quot
1491 4366 1510 4410 a
1532 4340 1623 4410 vobis

256 4446 438 4535 requisierit,
462 4445 599 4535 benigne
615 4470 652 4515 ac
667 4466 815 4537 prompte
831 4447 1033 4537 provideatis,
1057 4448 1166 4518 facturi
1189 4451 1221 4517 in
1238 4473 1278 4518 eo
1295 4449 1387 4518 nobis
1411 4471 1479 4518 rem
1495 4471 1622 4517 summe

255 4564 383 4638 gratam.

357 4676 477 4744 Datum
493 4675 626 4744 Viterbii
649 4675 700 4745 die
727 4677 881 4765 17.1unii
909 4682 1001 4765 1528.
1046 4701 1132 4746 anno
1156 4679 1278 4768 quinto.

464 4833 540 4889 Brev.
559 4836 622 4891 min.
642 4835 684 4892 Cl.
697 4835 755 4892 VII.
774 4836 827 4891 vol.
848 4851 881 4890 22
900 4854 926 4892 n.
944 4838 1004 4902 488.
1042 4835 1172 4891 Gardiner
1194 4835 1274 4889 reiste
1297 4833 1345 4889 auf
1363 4832 1458 4888 Besehl
1481 4833 1621 4888 Heinrichs

359 4923 414 4979 und
431 4921 558 4995 Wolseys
582 4925 651 4979 nach
663 4924 798 4997 Venedig,
822 4943 867 4980 um
886 4924 945 4980 dort
969 4925 1011 4979 die
1029 4924 1174 4996 Ruclcgabe
1196 4923 1243 4978 der
1264 4922 1360 4977 beiden
1378 4921 1470 4977 stadie
1493 4923 1621 4977 Ravenna

358 5011 413 5066 und
430 5010 528 5066 Cervia
549 5030 580 5066 zu
599 5013 729 5068 erwirlren
752 5013 805 5068 und
823 5013 940 5070 dadurch
958 5012 1010 5067 den
1028 5013 1108 5085 Papst
1131 5013 1270 5084 gdnstiger
1290 5029 1322 5065 zu
1340 5011 1474 5065 stimmen.
1512 5011 1620 5065 Brewer
