3802 5606
297 299 361 360 210
1381 306 1449 361 Acta
1468 304 1668 361 consistorialia.

296 470 347 538 die
370 472 451 538 iovis
474 468 524 538 vel
547 470 671 538 veneris
699 468 738 537 ad
761 483 849 551 oct0,
878 491 958 558 quae
982 469 1040 535 erit
1069 466 1137 536 dies
1165 468 1347 536 consistorii
1374 487 1406 535 et
1429 466 1557 535 iuridica
1579 467 1668 534 XVI.

296 578 441 647 februarii
471 578 548 645 bora
579 577 760 644 consistorii
791 578 822 643 in
854 574 969 665 palatio
999 574 1178 664 apostolico
1209 598 1318 642 coram
1349 574 1518 642 Sanctitate
1547 575 1609 641 Sua
1636 586 1668 641 et

296 687 394 754 Rmis.
418 685 509 751 Dnis.
534 683 656 772 publice
680 696 712 750 et
735 682 814 750 facta
837 683 928 771 copia
952 684 1106 749 universis
1130 680 1340 749 interessendi
1363 701 1394 748 et
1418 680 1574 748 audiendi.

399 792 438 858 Et
460 788 575 857 deinde
599 790 630 855 in
654 788 811 856 audientia
834 790 989 877 sequenti,
1013 811 1093 877 quae
1117 791 1175 855 erit
1200 787 1251 855 die
1266 788 1370 868 lunae,
1394 787 1462 854 fieri
1485 785 1596 854 debeat
1619 810 1667 852 re·

294 899 369 965 latio
385 919 441 986 per
457 896 560 963 Dnos.
577 894 748 974 auditores,
773 894 874 960 modo
891 917 956 982 quo
973 893 1177 961 declarabitur
1201 896 1246 960 eis
1263 918 1319 982 pet
1335 894 1540 960 sanctitatem
1555 893 1667 973 Suam3

294 1019 326 1072 et
353 1026 447 1092 super
474 1003 655 1090 praemissis
684 1012 714 1067 et
744 1024 857 1067 eorum
887 998 1089 1067 ordinatione
1118 1020 1149 1068 et
1178 1000 1278 1067 modo
1307 998 1418 1067 dandis
1446 1000 1537 1066 dictis
1564 998 1668 1086 dispu-

294 1110 463 1178 tationibus
486 1107 648 1190 faciendis,
677 1119 708 1175 et
732 1106 771 1174 de
795 1106 952 1174 electione
978 1107 1040 1174 loci
1064 1119 1095 1174 et
1118 1109 1273 1195 temporis
1297 1106 1422 1174 fuerunt
1446 1107 1536 1174 electi
1560 1118 1590 1173 et
1613 1104 1667 1172 de-

292 1219 390 1306 putati
419 1240 474 1305 per
498 1216 703 1282 Sanctitatem
728 1213 823 1280 Suam
852 1212 892 1279 de
916 1213 1009 1279 simili
1036 1236 1195 1280 consensu
1220 1214 1303 1282 Rmi.
1329 1214 1404 1280 Dni.
1428 1213 1611 1280 Portuensis
1635 1225 1667 1279 et

398 1430 521 1497 Romae
552 1427 602 1494 die
633 1427 757 1493 veneris
786 1425 874 1492 XVI.
907 1424 1051 1492 februarii
1080 1445 1161 1511 1532
1193 1426 1249 1494 suit
1280 1427 1505 1493 consistorium
1539 1427 1570 1491 in
1598 1424 1665 1491 aula

291 1534 478 1625 pontificum
508 1535 677 1622 superiori,
706 1534 737 1599 in
763 1555 828 1621 quo
851 1554 910 1618 pro
935 1534 1152 1599 controversia
1176 1535 1371 1600 matrimonii
1401 1535 1483 1600 inter
1506 1533 1663 1599 Sermmn.

291 1665 400 1729 regem
425 1654 456 1709 et
479 1643 622 1727 reginam
639 1638 783 1728 Angliae,
806 1637 858 1705 ubi
875 1636 1001 1705 fuerunt
1025 1637 1196 1706 introducti
1220 1638 1380 1707 auditores
1397 1640 1498 1707 Rotae
1522 1651 1553 1705 et
1571 1638 1664 1727 aliqui

291 1750 418 1838 praelati
441 1772 501 1817 nec
524 1770 591 1815 non
615 1748 673 1814 viri
695 1746 837 1827 litterati,
867 1757 1028 1833 praeterea
1051 1758 1196 1813 oratores
1220 1746 1364 1813 Caesaris
1387 1771 1449 1813 una
1472 1769 1545 1812 cum
1569 1745 1665 1813 advo-

290 1858 366 1924 catis
389 1868 420 1923 et
444 1853 700 1944 procuratoribus
724 1853 863 1939 reginae,
889 1876 947 1919 nec
972 1874 1039 1919 non
1064 1864 1207 1920 oratores
1224 1852 1359 1939 Angliae
1383 1877 1455 1919 curn
1480 1865 1664 1920 excusatore

289 1965 404 2031 eteius
427 1961 597 2043 advocatis,
622 1962 675 2050 qui
697 1979 868 2049 postquam
890 1981 958 2025 non
974 1957 1101 2026 fuerunt
1125 1958 1314 2040 concordes,
1337 1983 1431 2046 super
1452 1982 1516 2048 quo
1533 1959 1663 2026 articulo

289 2088 373 2136 esset
396 2066 632 2156 disputandum,
655 2079 821 2133 excusator
845 2064 932 2132 dedit
955 2064 1179 2132 conclusiones
1203 2068 1371 2154 impressas
1395 2088 1531 2131 numero
1556 2065 1663 2143 XXV,

289 2174 428 2242 offerens
456 2199 490 2241 se
514 2185 655 2262 paratum
680 2171 837 2259 disputare
868 2170 965 2238 dictas
989 2195 1105 2238 omnes
1134 2170 1386 2239 conclusiones.²
1429 2173 1490 2239 Per
1516 2194 1664 2259 procura-

290 2302 376 2349 tores
406 2293 437 2348 et
459 2279 632 2347 advocatos
656 2280 783 2366 reginae
800 2277 858 2344 fuit
881 2300 1082 2366 responsum,
1106 2302 1140 2344 se
1164 2280 1380 2366 paratissimos
1404 2301 1473 2345 esse
1496 2277 1534 2345 ad
1558 2276 1662 2365 dispu-

288 2387 431 2470 tandum,
455 2389 558 2475 ipsum
582 2406 801 2454 excusatorem
826 2408 893 2452 non
917 2408 987 2452 esse
1010 2382 1253 2452 admittendum.
1301 2383 1402 2475 (ns.
1433 2384 1523 2473 195.)

393 2495 517 2563 Romae
540 2491 591 2560 die
615 2492 762 2560 mercurii
778 2491 930 2558 XXVIII.
954 2489 1031 2557 febr.
1053 2511 1135 2576 1532
1159 2489 1216 2558 fuit
1235 2493 1366 2559 consist.
1405 2492 1663 2579 Comparuerunt

288 2613 431 2667 oratores
448 2600 591 2667 Caesaris
615 2623 687 2666 cum
704 2596 866 2664 advocatis
889 2596 920 2664 et
936 2596 1193 2683 procuratoribus
1208 2599 1348 2684 reginae,
1373 2610 1403 2664 et
1421 2595 1536 2663 eodem
1561 2594 1662 2662 modo

287 2717 430 2774 oratores
454 2726 484 2773 et
509 2723 674 2774 excusator
697 2705 781 2792 tegis
804 2702 938 2791 Angliae
962 2726 1034 2770 cum
1060 2705 1127 2770 eius
1149 2701 1321 2784 advocatis,
1348 2705 1401 2793 qui
1425 2701 1662 2791 disputaverunt

285 2825 349 2879 tres
373 2811 605 2880 conclusiones.
651 2811 775 2877 Primo:
800 2810 847 2876 Ex
870 2811 1010 2876 materiis
1038 2811 1156 2876 nostris
1180 2809 1301 2876 elicitur
1329 2812 1423 2877 etiam
1447 2807 1607 2897 probabile
1630 2828 1661 2874 et

286 2919 499 2986 necessarium
523 2916 789 3006 impedimentum
812 2914 989 2983 secundum
1006 2938 1225 2982 communem.
1268 2914 1434 2983 Secundo:
1460 2914 1510 2982 Ad
1526 2915 1661 3001 allegan-

286 3024 363 3091 dum
391 3026 555 3092 notorium
585 3043 615 3091 et
644 3026 761 3091 iustum
789 3021 1057 3111 impedimentum
1086 3021 1262 3109 temporale
1292 3021 1467 3089 admittitur
1496 3032 1661 3090 excusator

286 3152 348 3197 sec.
373 3153 492 3197 comm.
539 3129 667 3197 Tertio:
697 3129 748 3195 Ad
772 3126 972 3215 allegandum
1002 3129 1119 3195 iustum
1150 3127 1416 3216 impedimentum
1446 3128 1659 3196 necessarium

285 3235 460 3324 temporale
483 3235 658 3303 admittitur
681 3247 848 3303 excusator
870 3256 934 3301 sec.
959 3238 1097 3300 comm.³

392 3343 516 3410 Romae
539 3340 590 3409 die
614 3343 760 3409 mercurii
782 3341 835 3408 VI.
861 3341 963 3408 martii
992 3360 1027 3425 15
1034 3360 1085 3427 32.
1128 3340 1386 3428 comparuerunt
1414 3359 1557 3407 oratores
1581 3339 1660 3407 Cae·

286 3449 362 3516 saris
385 3472 457 3516 cum
481 3446 592 3516 advoc.
618 3467 650 3515 et
672 3470 798 3536 procur.
822 3458 855 3513 et
879 3444 995 3514 eodem
1019 3445 1120 3513 modo
1140 3458 1283 3514 oratores
1306 3458 1338 3513 et
1354 3458 1554 3514 excusatores
1576 3446 1660 3533 regis

287 3554 435 3641 Angliae,
459 3557 512 3645 qui
536 3554 774 3643 disputaverunt
798 3574 862 3621 tres
886 3553 1119 3621 conclusiones.
1166 3553 1293 3620 Primo:
1319 3553 1417 3640 Regia
1440 3550 1577 3639 dignitas
1592 3574 1659 3618 non

286 3660 433 3749 impedit,
462 3662 634 3751 quominus
664 3660 703 3728 de
727 3663 793 3727 iure
817 3662 849 3726 in
873 3683 981 3741 causa,
1010 3659 1050 3726 de
1079 3682 1139 3748 qua
1170 3660 1282 3747 agitur,
1311 3661 1395 3726 iuxta
1423 3671 1571 3726 tenorem
1594 3680 1659 3724 tna·

286 3768 435 3833 teriarum
458 3768 559 3854 possit
582 3765 677 3833 obiici
701 3765 834 3833 deloco
859 3789 925 3832 non
949 3777 1019 3833 tuto
1043 3767 1110 3852 regi
1134 3788 1197 3831 sec.
1223 3788 1342 3832 comm.
1367 3765 1565 3852 opinionem.
1605 3762 1659 3829 Se·

287 3870 408 3938 cundo:
433 3869 607 3958 [mpeditus
630 3869 782 3958 probabili
812 3884 842 3938 et
867 3872 1045 3939 necessario
1070 3870 1302 3958 Impedimento
1325 3869 1493 3958 temporali
1521 3893 1587 3936 non
1605 3890 1659 3935 co·

286 3978 369 4064 gitur
385 3977 579 4047 constituere
602 3989 842 4064 procuratorem
866 4001 929 4046 sec.
947 4000 1066 4044 comm.
1084 4000 1137 4065 op.
1176 3977 1304 4044 Tertio:
1330 3977 1481 4064 Exceptio
1505 3976 1566 4043 loci
1591 3997 1657 4040 non

285 4086 344 4152 tuti
368 4085 522 4171 competit
545 4082 664 4150 nedum
689 4082 816 4173 quando
834 4083 933 4165 locus,
958 4085 1071 4173 inquo
1095 4085 1197 4171 agitur
1221 4081 1383 4165 iudicium,
1407 4094 1538 4149 nonest
1561 4090 1657 4160 tutus,

285 4189 476 4273 sedetiam,
504 4187 632 4279 quando
662 4190 733 4257 loca
761 4189 882 4273 media,
910 4213 966 4278 per
989 4214 1069 4279 quae
1093 4187 1132 4256 de
1162 4191 1349 4257 necessitate
1374 4187 1514 4256 eundum
1544 4200 1592 4255 est
1619 4185 1657 4253 ad

285 4296 392 4363 locum
416 4294 532 4377 iudicii,
556 4318 624 4362 non
647 4308 720 4362 sunt
744 4307 809 4363 tuta
833 4319 895 4363 sec.
921 4318 1041 4363 comm.
1066 4296 1264 4382 opinionem.
1313 4293 1369 4379 (A.
1394 4294 1414 4362 f.
1443 4293 1555 4383 196.)⁴

394 4533 400 4562 ¹
420 4524 499 4579 Kard.
519 4540 572 4577 von
586 4524 667 4577 Porto
686 4542 742 4578 wat
755 4525 887 4579 Antonius
900 4525 933 4578 de
945 4524 1047 4591 Monte,
1068 4524 1166 4578 OheIm
1186 4524 1233 4578 des
1246 4529 1369 4595 spateren
1383 4524 1493 4594 Papstes
1506 4521 1589 4593 Julius
1601 4520 1656 4587 111,

285 4595 364 4657 Kard.
385 4611 438 4649 von
457 4594 504 4648 der
521 4595 617 4648 Sabina
636 4612 692 4647 war
711 4595 799 4649 Pletto
819 4595 852 4649 de
871 4595 988 4661 Accolti,
1013 4606 1087 4649 sonst
1106 4610 1159 4648 von
1181 4597 1285 4649 seinem
1309 4594 1431 4648 stt'rheren
1452 4594 1553 4646 Ilistum
1577 4591 1656 4645 Kard.

285 4683 338 4719 von
357 4667 471 4719 Aulona
483 4674 610 4736 genennt.

392 4737 472 4790 ²Dte
492 4751 522 4804 25
544 4735 644 4790 annet
663 4736 722 4789 sind
739 4736 868 4806 gedrucltt
888 4736 930 4789 bei
948 4736 1064 4801 Pococlr,
1082 4736 1116 4791 II.
1135 4735 1169 4791 66
1187 4740 1196 4807 l
1214 4779 1220 4791 .

392 4807 471 4861 ⁸Die
490 4807 545 4860 drei
563 4806 664 4860 Artilrel
688 4807 864 4877 entsptechen
889 4806 930 4860 bei
955 4806 1062 4861 Pococlr
1084 4807 1101 4861 l.
1121 4824 1144 4862 c.
1163 4752 1214 4861 den
1234 4807 1383 4861 Nummem
1402 4820 1431 4872 4,
1454 4820 1465 4874 5
1486 4805 1541 4858 und
1560 4819 1583 4871 2,
1608 4819 1657 4857 nur

286 4878 355 4932 stelit
375 4879 401 4930 in
420 4878 467 4932 Nr.
487 4893 502 4930 2
521 4878 589 4930 nach
609 4877 671 4931 dem
686 4876 782 4932 Worte
800 4886 941 4932 excusator
958 4877 1043 4931 noch:
1063 4878 1119 4932 sine
1138 4878 1272 4932 mandato

391 4947 467 5000 *Bel
486 4947 593 5001 Pococlt
612 4948 627 5002 l.
648 4966 670 5001 c.
690 4948 731 5001 die
751 4948 900 5002 Nunnnern
922 4965 943 5013 1,
966 4964 976 5018 3
999 4948 1052 5001 und
1074 4964 1112 5017 15.
