3820 5592
241 393 304 449 15²7
323 378 482 434 Dezember.
1160 392 1167 408 ·
1565 363 1605 427 ll

238 539 312 606 Non
336 541 433 621 enim,
456 536 501 605 fili
524 548 649 618 noster,
679 536 771 604 nobis
799 537 908 625 ignota
936 546 1009 602 sunt
1032 546 1084 602 aut
1107 558 1246 625 unquam
1270 533 1485 603 obliviscenda
1512 557 1605 605 erunt

238 645 326 713 Tuae
350 644 654 734 Circumspectionis
677 644 788 711 itinera
810 654 841 710 et
857 643 991 731 insorpti
1006 664 1063 730 per
1078 665 1138 709 nos
1154 640 1287 724 labores,
1311 653 1345 709 ut
1368 660 1491 731 praeter
1513 654 1604 711 tuum

238 753 331 819 etiam
348 751 653 820 Christianissimum
677 750 869 819 francorum
894 772 1003 837 regem
1029 747 1067 816 ad
1092 771 1152 814 nos
1175 772 1242 815 non
1266 748 1369 815 solum
1394 749 1605 838 legationibus

238 870 269 927 et
290 859 419 940 nuntiis,
442 856 499 926 sed
521 859 553 925 vi
576 869 608 926 et
631 857 726 925 armis
747 854 927 924 liberandos
950 878 1173 943 promoveres;
1197 879 1235 922 ex
1259 854 1371 944 quibus
1395 854 1470 924 illud
1493 868 1605 944 postea
1665 904 1667 909 ·

237 963 438 1031 subsecutum
462 975 525 1046 est,
553 974 588 1031 ut
615 962 665 1030 illa
693 964 759 1052 ipsa
783 986 869 1030 arma
898 973 988 1029 tanto
1017 959 1122 1029 studio
1153 972 1333 1044 commota,
1362 964 1420 1030 etsi
1448 985 1509 1030 nos
1537 986 1604 1031 non

237 1069 444 1153 liberaverint,
468 1069 555 1160 quod
572 1088 603 1138 et
619 1067 801 1158 perdifficile
821 1067 903 1136 lactu
920 1066 1030 1151 fuerat,
1046 1079 1154 1135 tamen
1171 1066 1210 1135 ad
1226 1066 1445 1136 liberationem
1461 1088 1605 1136 nostram

236 1200 302 1244 non
332 1199 464 1265 parvum
495 1175 681 1264 profuerint.
734 1176 869 1264 Agimus
899 1175 994 1263 igitur
1018 1186 1049 1242 et
1079 1175 1131 1243 isti
1154 1174 1365 1242 Serenissimo
1392 1188 1449 1244 tuo
1478 1177 1546 1264 regi
1575 1195 1606 1244 et

236 1283 325 1351 Tuae
348 1305 476 1373 quoque
501 1282 788 1372 Circumspectioni
812 1282 964 1349 maximas
988 1304 1064 1371 quas
1092 1304 1261 1369 possumus
1285 1281 1399 1369 gratias
1421 1283 1605 1373 utinamque

234 1387 349 1456 referre
379 1388 547 1479 aliquando
575 1411 609 1456 re
630 1387 799 1485 valeamus.
850 1388 1067 1476 Agnoscimus
1096 1388 1182 1455 enim
1211 1387 1288 1455 haec
1312 1388 1378 1476 ipsa
1405 1389 1483 1457 tanti
1510 1387 1606 1457 fuisse

235 1518 271 1561 ac
293 1493 372 1577 fore,
396 1513 520 1562 utnon
544 1506 663 1576 nostra,
688 1493 744 1562 sed
768 1493 873 1562 divina
895 1505 1020 1561 tantum
1036 1492 1227 1581 gratitudine
1250 1492 1381 1582 rependi
1405 1494 1538 1583 possint.
1576 1497 1604 1562 A

235 1612 266 1668 te
288 1624 366 1669 vero
390 1599 433 1668 fili
456 1602 573 1669 scimus
597 1601 707 1669 omnia
735 1611 826 1668 tanto
850 1622 920 1667 esse
943 1611 1068 1688 peracta
1092 1598 1198 1668 studio
1223 1623 1258 1668 ac
1281 1601 1410 1687 pietate,
1440 1612 1474 1667 ut
1497 1625 1606 1691 quam-

236 1730 329 1797 quam
352 1719 384 1775 te
400 1705 440 1775 ad
462 1705 495 1775 id
517 1719 570 1776 tua
585 1729 713 1797 quoque
728 1705 888 1794 impulerit
904 1704 1051 1794 dignitas,
1074 1717 1182 1774 tamen
1198 1729 1259 1774 nos
1276 1729 1337 1773 una
1353 1728 1427 1773 cum
1443 1707 1504 1774 hac¹
1518 1706 1605 1792 sede,

236 1815 286 1881 cui
308 1813 458 1902 singulari
481 1812 638 1902 praesidio
667 1825 698 1881 et
721 1836 815 1901 saepe
838 1830 930 1880 antea
948 1824 979 1881 et
1003 1835 1089 1880 nunc
1112 1813 1250 1882 maxime
1278 1811 1373 1895 fuisti,
1396 1837 1456 1903 pto
1479 1837 1513 1881 re
1536 1837 1605 1882 non

235 1932 395 2008 tamquam
420 1930 486 1986 ate
510 1917 613 1988 debita
635 1918 692 1987 tibi
714 1938 870 2008 perpetuo
886 1917 1019 1986 debituri
1044 1919 1152 1985 simus.
1198 1916 1261 1986 Sed
1285 1918 1362 1987 haec
1386 1921 1494 1987 omnia
1514 1919 1606 1988 latius

236 2023 499 2115 conditionesque
523 2024 627 2109 simul,
651 2048 727 2114 quas
751 2023 904 2094 subiimus
927 2025 1229 2114 necessitatemque,
1253 2048 1314 2115 qua
1337 2026 1369 2092 in
1392 2023 1425 2093 id
1449 2027 1605 2115 compulsi

235 2132 343 2213 simus,
366 2130 452 2198 idem
474 2133 602 2200 nuntius
618 2144 727 2199 noster
748 2130 839 2200 Tuae
857 2130 1144 2219 Circumspectioni
1166 2130 1340 2220 explicabit.
1384 2130 1510 2215 Quibus
1531 2156 1549 2199 a
1571 2145 1604 2201 te

234 2235 400 2305 intellectis
423 2250 454 2306 et
477 2236 703 2306 animadversis
732 2259 798 2304 non
823 2236 1017 2319 dubitamus,
1046 2238 1170 2325 optimo
1201 2248 1233 2305 te
1256 2239 1365 2305 animo
1394 2250 1425 2306 et
1452 2238 1549 2307 solito
1572 2240 1606 2305 in

236 2365 296 2409 nos
318 2366 428 2411 amore
451 2345 529 2413 haec
545 2368 612 2412 non
628 2342 728 2412 modo
745 2355 975 2432 suscepturum,
998 2342 1055 2411 sed
1071 2355 1251 2412 curaturum
1274 2344 1369 2411 etiam
1385 2344 1468 2433 apud
1485 2356 1606 2414 utrum·

237 2474 297 2541 que
320 2450 446 2519 illorum
470 2474 598 2540 regum,
627 2461 662 2519 ut
693 2449 770 2518 haec
798 2461 864 2518 tam
888 2449 941 2519 diu
964 2449 1097 2518 tolerata
1119 2462 1150 2518 et
1174 2451 1361 2519 necessitate
1389 2450 1521 2519 anobis
1553 2475 1605 2519 ex-

236 2569 334 2640 torta,
364 2581 436 2626 cum
462 2558 570 2625 omnia
593 2567 702 2625 nostra
725 2554 764 2625 ad
793 2557 916 2624 ruinam
940 2578 1070 2645 prorsus
1093 2555 1337 2638 collaberentur,
1365 2580 1433 2624 non
1456 2559 1517 2625 nisi
1540 2581 1606 2648 quo

237 2686 254 2730 a
277 2663 369 2731 nobis
392 2681 480 2752 gesta
503 2675 577 2732 sunt
600 2664 709 2730 animo
733 2674 764 2730 et
779 2685 890 2731 amore
912 2663 1092 2751 suscipiant.
1133 2662 1212 2730 Non
1228 2663 1315 2729 enim
1331 2660 1514 2746 diffidimus,
1530 2662 1606 2731 illud

237 2770 330 2837 etiam
354 2768 505 2853 summm,
528 2767 616 2860 quod
639 2770 672 2836 in
696 2781 822 2838 nostrae
845 2768 1039 2836 liberationis
1063 2767 1269 2836 conclusione
1298 2770 1436 2837 maxime
1460 2767 1607 2837 couside-

238 2876 390 2960 ravimus,
423 2887 457 2944 ut
488 2898 545 2964 per
575 2876 637 2943 Dei
669 2875 870 2943 clementiam
901 2894 954 2942 tua
984 2875 1150 2963 praecipue
1181 2897 1278 2963 opera
1307 2897 1368 2942 nos
1398 2873 1606 2943 coadiuvante

237 2999 362 3050 sanctae
385 2980 459 3049 Sedi
482 2980 687 3071 Apostolicae
710 3004 745 3049 ac
769 2982 882 3050 ceteris
908 3004 976 3048 rem
1006 2999 1038 3048 et
1066 2979 1251 3070 dignitatem
1281 3003 1454 3070 pacemque
1482 2982 1607 3049 univer-

237 3086 335 3155 salem
369 3087 469 3156 fessae
504 3089 719 3157 christianitati
754 3089 930 3156 restitutam
965 3086 1138 3156 videamus.
1194 3086 1295 3170 Quod
1327 3086 1455 3178 quidem
1487 3088 1513 3155 si
1545 3088 1608 3155 Dei

238 3192 361 3261 bonitas
384 3193 477 3261 nobis
499 3192 668 3283 aliquando
691 3195 902 3276 concesserit,
931 3206 1000 3261 tum
1023 3193 1074 3262 illa
1100 3217 1180 3283 quae
1203 3192 1388 3282 pertulimus
1411 3193 1492 3261 mala
1514 3192 1607 3260 nobis

237 3298 356 3368 leviora
378 3317 431 3367 aut
459 3299 542 3367 nulla
569 3301 674 3390 potius
702 3299 797 3368 fuisse
820 3298 1018 3368 videbuntur.
1064 3301 1174 3390 Itaque
1201 3302 1234 3367 in
1263 3299 1344 3368 hanc
1366 3312 1398 3368 te
1426 3298 1471 3366 fili
1498 3321 1607 3367 curam

238 3419 291 3473 tua
312 3428 449 3494 persona
472 3418 503 3474 et
527 3405 679 3496 dignitate
706 3418 800 3496 atque
823 3408 881 3475 ista
902 3419 990 3475 tanta
1012 3409 1197 3474 auctoritate
1227 3418 1259 3475 et
1280 3407 1379 3492 gratia
1402 3405 1531 3493 diguam
1554 3404 1608 3473 ad·

237 3535 406 3596 vocamus,
429 3524 464 3581 ut
487 3513 618 3581 consilia
641 3536 754 3581 eorum
777 3536 906 3601 regum,
930 3536 1010 3603 quae
1033 3515 1083 3601 pia
1107 3531 1138 3580 et
1160 3524 1247 3581 recta
1269 3534 1325 3600 per
1348 3534 1382 3579 se
1404 3510 1507 3579 futura
1530 3533 1608 3579 con·

238 3616 376 3701 fidimus,
400 3620 432 3686 in
456 3618 518 3687 hoc
542 3618 662 3688 bonum
686 3619 869 3688 universalis
892 3620 977 3708 pacis
999 3616 1325 3709 redintegrandaeque
1349 3619 1496 3686 omnium
1519 3640 1607 3705 prae·

239 3726 391 3815 cipueque
407 3724 612 3813 Apostolicae
629 3724 730 3809 Sedis,
747 3727 835 3794 cuius
850 3723 987 3794 tuendae
1004 3749 1086 3793 onus
1102 3723 1269 3792 nobiscum
1285 3725 1342 3793 tibi
1357 3747 1531 3793 commune
1548 3743 1606 3807 est,

239 3832 283 3899 rei
312 3842 343 3899 et
371 3829 531 3920 dignitatis
560 3831 724 3900 traducere
751 3832 837 3902 velis.
884 3832 962 3915 Quo
991 3829 1120 3921 quidem
1148 3853 1246 3920 opere
1274 3830 1395 3923 nullum
1426 3849 1479 3899 aut
1506 3830 1607 3897 maius

239 3955 292 4004 aut
313 3937 483 4026 gloriosius
506 3957 558 4005 aut
574 3937 647 4005 Deo
669 3939 788 4026 gratius
810 3961 828 4005 a
850 3949 882 4005 te
906 3938 1078 4025 excogitari
1102 3948 1218 4025 potest.
1258 3936 1345 4005 Sicut
1363 3936 1505 4004 diffusius
1520 3933 1606 4003 idem

239 4044 367 4112 nuntius
384 4053 494 4110 noster
510 4043 587 4111 haec
606 4066 684 4111 mox
703 4054 918 4133 persequetur,
935 4044 985 4110 cui
1001 4042 1073 4112 Tua
1089 4042 1343 4132 Circumspectio
1359 4041 1486 4111 solitam
1509 4040 1607 4110 fidem

239 4147 371 4217 habebit.

340 4273 460 4342 Datum
498 4274 530 4341 in
570 4274 694 4341 civitate
732 4285 841 4341 nostra
878 4272 1078 4342 Urbevetana
1113 4271 1163 4342 die
1206 4295 1254 4361 14.
1293 4272 1479 4341 Decembris
1523 4291 1606 4360 1527

239 4400 324 4445 anno
347 4380 471 4468 quinto,

1367 4483 1500 4552 Blosius.

448 4642 529 4697 Arch.
553 4642 639 4698 Vatic.
662 4642 679 4699 l.
704 4661 725 4698 c.
750 4662 776 4700 n.
803 4644 860 4715 363.
901 4645 951 4699 Ein
979 4644 1079 4698 kleiner
1104 4642 1164 4697 Teil
1192 4661 1235 4697 am
1259 4643 1385 4696 Schlusse
1412 4643 1455 4696 bei
1477 4642 1607 4715 Raynald,

343 4730 360 4786 l.
385 4748 408 4785 c.
431 4749 456 4786 n.
483 4746 522 4800 51.
560 4730 642 4786 Grata
664 4740 727 4787 statt
750 4734 848 4805 gratia,
873 4734 949 4788 nobis
973 4751 1003 4788 ac
1026 4733 1073 4787 tibi
1095 4740 1158 4786 statt
1180 4732 1320 4786 nobiscum
1345 4730 1399 4785 tibi
1440 4731 1496 4785 Das
1515 4731 1607 4786 Gauze

343 4818 386 4872 bei
403 4819 524 4887 Pococlt,
549 4819 566 4875 l.
586 4837 608 4876 c.
627 4820 647 4876 1.
666 4838 692 4892 p.
706 4837 754 4913 ιη,
773 4822 836 4876 aber
853 4821 993 4877 mehrtach
1012 4819 1173 4887 verdorben,
1198 4819 1231 4873 da
1255 4819 1301 4873 das
1320 4817 1442 4891 Origioal
1465 4818 1535 4874 starlr
1559 4821 1606 4875 be-

342 4907 465 4979 schadigt
482 4925 546 4963 war.
