3820 5582
260 358 325 426 1528
344 356 472 413 Oktober.
1585 344 1626 405 59

257 515 413 599 sessionis,
428 540 506 606 pure
521 518 564 584 mi
582 515 668 585 dette
685 516 819 598 licentia,
843 518 912 583 anzi
928 518 972 583 mi
989 518 1120 599 ricercd,
1139 518 1224 585 ch'io
1240 517 1382 585 scrivessi
1400 541 1418 583 a
1432 518 1473 584 N.
1491 516 1626 604 Signore

257 623 365 692 alcone
389 624 597 705 conclusioni,
621 634 652 691 et
675 623 760 690 ch'io
779 622 916 711 pigliassi
939 625 1140 711 giuramento
1164 622 1235 690 dalli
1258 624 1333 691 miei
1357 623 1514 691 secretarii
1538 621 1568 689 di
1587 623 1628 688 si-

257 729 365 810 lenti0‚
395 728 542 812 dicendo,
571 729 629 796 che
658 728 771 796 aloco
803 742 834 798 et
856 741 967 817 tempo
997 729 1074 797 diris
1101 753 1156 796 sua
1179 730 1390 796 intentione«.
1436 728 1460 794 Il
1483 728 1627 796 discorso

258 834 306 903 del
333 860 393 903 suo
417 836 534 924 parlare
558 835 590 903 su
621 834 694 902 »dal
717 836 826 929 primo
845 834 982 903 advento
1006 859 1065 903 suo
1090 837 1122 902 in
1146 856 1259 925 questo
1283 858 1385 923 regno
1408 836 1480 901 sino
1507 832 1535 900 al
1558 856 1627 921 pre·

256 953 355 1009 sente.
400 942 438 1009 Et
461 942 561 1030 prima
591 942 622 1007 in
647 942 841 1009 conscientia
869 964 924 1009 sua
947 939 1083 1024 affirma,
1107 941 1166 1009 che
1189 940 1260 1009 dalli
1283 941 1361 1007 XIV
1386 939 1417 1007 di
1440 937 1627 1021 novembre,

257 1047 365 1116 ch’ella
388 1049 414 1114 si
437 1049 535 1136 sposd
559 1070 622 1115 con
644 1047 666 1113 il
688 1045 851 1136 quondam
867 1049 997 1130 Attum,
1021 1048 1092 1114 sino
1116 1047 1166 1114 alli
1188 1047 1216 1113 Π
1244 1046 1372 1135 d’aprile
1395 1044 1446 1113 del
1461 1056 1626 1132 seguente,

256 1153 314 1220 che
337 1157 435 1236 morl,
464 1177 531 1221 non
554 1152 659 1221 dormi
682 1177 758 1221 seco
782 1153 870 1220 salvo
887 1153 947 1221 VH
971 1154 1053 1221 notti
1077 1172 1108 1220 et
1132 1152 1191 1221 che
1214 1151 1253 1220 da
1277 1152 1319 1220 lui
1347 1153 1433 1220 restd
1456 1152 1571 1219 intacta
1595 1163 1627 1219 et

256 1260 446 1348 incorrupta,
470 1283 563 1327 come
580 1283 685 1327 venne
708 1257 757 1325 dal
772 1271 884 1327 ventre
908 1258 939 1326 di
962 1282 1018 1327 sua
1037 1258 1155 1327 madre.
1193 1258 1237 1326 La
1254 1257 1393 1326 secondo
1409 1256 1626 1339 conclusione,

257 1364 432 1433 havendola
455 1367 487 1432 io
511 1364 614 1433 molto
638 1365 800 1440 exhortata
824 1388 841 1431 a
864 1364 949 1433 levar
971 1376 1051 1433 tutte
1075 1378 1185 1454 queste
1206 1363 1356 1433 difficultd
1379 1377 1411 1431 et
1434 1364 1626 1431 contentarsi

256 1469 287 1538 di
309 1470 355 1538 lar
383 1470 582 1559 professione
605 1470 636 1539 di
660 1473 784 1553 castita,
813 1470 1036 1559 epilogandole
1059 1482 1139 1539 tutte
1167 1469 1196 1538 le
1219 1471 1358 1559 ragioni,
1386 1469 1445 1536 che
1469 1492 1563 1558 sopra
1585 1469 1627 1536 tal

255 1578 384 1644 materia
407 1579 433 1643 si
456 1599 578 1665 posson
601 1575 678 1659 dire,
703 1578 747 1643 mi
770 1575 906 1659 affirmo,
930 1577 989 1644 che
1012 1578 1074 1645 mai
1097 1592 1166 1644 non
1189 1599 1241 1643 era
1264 1599 1320 1664 per
1335 1574 1413 1642 farlo
1438 1587 1470 1643 et
1493 1574 1552 1642 che
1570 1597 1627 1642 vo-

257 1682 322 1750 leva
344 1683 451 1751 vivere
475 1694 507 1750 et
529 1684 647 1750 morire
669 1684 703 1749 in
727 1682 755 1749 la
778 1684 948 1750 vocatione
971 1681 1022 1750 del
1046 1683 1263 1764 matrimonio,
1287 1683 1319 1749 in
1344 1682 1403 1749 che
1418 1681 1483 1748 Dio
1506 1679 1628 1748 l'havea

256 1789 419 1870 chiamata‚
443 1800 474 1857 et
499 1786 557 1856 che
580 1811 706 1877 sempre
729 1790 808 1856 saria
830 1787 978 1877 diquella
1002 1789 1156 1876 opinione
1180 1800 1211 1856 et
1230 1787 1289 1855 che
1313 1811 1379 1855 non
1404 1809 1457 1854 era
1479 1809 1535 1875 per
1558 1810 1627 1853 mu-

254 1896 337 1962 tarsi.
383 1896 421 1962 Et
444 1906 533 1962 tanto
562 1906 675 1963 stretto
698 1906 731 1962 et
754 1893 1032 1963 deliberatamente
1060 1893 1091 1961 lo
1115 1892 1198 1961 disse
1222 1894 1276 1981 pila
1298 1893 1399 1974 volte,
1430 1892 1514 1960 ch’io
1538 1915 1626 1959 com·

255 1999 388 2089 prendo,
412 2000 470 2068 che
494 2004 560 2068 3031
583 1999 657 2083 lara,
682 2012 712 2068 et
728 2001 833 2084 vuole,
858 2000 917 2069 che
940 2012 1024 2069 tutto
1047 2023 1104 2088 per
1126 2001 1283 2068 sententia
1306 2000 1332 2066 si
1348 1998 1488 2080 dichiari,
1511 1997 1571 2065 che
1592 2021 1627 2066 se

255 2104 282 2172 la
298 2107 411 2174 veniva
434 2118 544 2174 contra
567 2105 598 2173 di
621 2106 672 2189 lei,
696 2107 755 2174 che
774 2110 840 2174 cosl
863 2109 983 2174 restert
1004 2105 1110 2188 libera,
1134 2129 1228 2173 come
1244 2129 1298 2172 sua
1318 2104 1454 2185 Altezza,
1478 2102 1626 2186 dicend0,

255 2212 314 2279 che
336 2215 378 2279 ne
401 2223 485 2280 tutto
509 2210 530 2278 il
551 2234 654 2300 regno
678 2211 717 2279 da
740 2236 803 2279 una
825 2223 922 2301 parte,
952 2216 993 2279 ne
1017 2212 1096 2300 ogni
1117 2235 1196 2301 gran
1218 2234 1300 2300 pena
1323 2209 1361 2278 da
1384 2210 1492 2292 l'altra,
1516 2231 1627 2276 ancor-

256 2317 314 2385 cht
338 2330 465 2405 potesse
488 2341 593 2386 essere
616 2318 728 2386 laniata
744 2343 761 2385 a
776 2317 923 2386 membro
947 2316 1138 2399 amembro,
1161 2317 1320 2406 lapoteva
1343 2335 1447 2383 mutar
1470 2314 1500 2383 di
1517 2327 1627 2404 questa

256 2425 419 2512 opinione,
445 2436 475 2492 ct
491 2424 550 2492 che
574 2448 608 2492 se
624 2424 712 2513 dopo
735 2424 763 2491 la
779 2435 885 2491 morte
908 2425 934 2491 si
958 2425 1127 2492 ritornasse
1150 2424 1184 2490 in
1200 2424 1274 2505 vita,
1298 2421 1330 2489 di
1345 2445 1456 2489 nuovo
1473 2419 1627 2489 vorrebbe

255 2529 354 2599 anche
384 2530 513 2598 morire.
560 2529 673 2598 Tertio
702 2529 775 2598 loco
805 2531 849 2597 mi
879 2532 990 2619 pregri,
1022 2530 1105 2597 ch'io
1135 2528 1316 2617 supplicassi
1348 2540 1380 2596 et
1410 2527 1510 2595 anche
1542 2527 1626 2594 ch'io

256 2637 394 2723 operassi
424 2659 485 2703 con
510 2637 541 2702 S.
566 2637 623 2718 M,
652 2636 710 2703 che
741 2637 766 2703 si
795 2636 938 2703 lasciasse
966 2634 1052 2703 levar
1078 2634 1117 2702 da
1144 2635 1206 2702 Sua
1232 2633 1430 2703 Beatitudine
1458 2633 1489 2702 di
1517 2652 1627 2722 questa

255 2739 383 2809 fantasia
407 2761 439 2809 et
466 2742 494 2809 la
517 2742 640 2810 volesse
667 2754 759 2810 tener
781 2765 837 2831 per
860 2765 915 2809 sua
943 2753 1108 2823 consorte,
1133 2764 1228 2809 come
1252 2764 1303 2809 era
1326 2753 1404 2809 stata
1430 2741 1479 2807 sin
1503 2739 1571 2829 qui,
1595 2750 1627 2806 et

256 2847 314 2915 che
337 2847 395 2915 ella
418 2847 549 2916 offeriva
571 2848 592 2914 il
615 2872 694 2938 capo
713 2872 784 2931 su0,
808 2847 839 2916 di
855 2871 969 2936 operar
992 2871 1053 2916 con
1071 2847 1198 2929 Cesare,
1222 2847 1280 2914 che
1301 2846 1330 2913 13
1352 2870 1428 2935 pace
1451 2844 1626 2912 universale

255 2955 281 3020 si
303 2952 444 3036 farebbe,
473 2973 504 3022 et
533 2955 591 3022 che
615 2955 646 3022 S.
670 2955 716 3021 M.
739 2967 829 3023 tanto
857 2953 1035 3022 lascerebbe
1063 2952 1144 3021 delle
1172 2976 1228 3021 sue
1255 2951 1416 3020 domande
1445 2952 1503 3019 che
1530 2949 1626 3033 facea,

255 3080 312 3145 per
334 3082 425 3126 amor
448 3084 519 3142 suo,
549 3060 607 3128 che
630 3063 767 3129 omnino
790 3061 815 3128 si
839 3060 974 3129 larebbe.
1020 3060 1058 3127 Et
1081 3083 1149 3127 non
1173 3057 1319 3126 havendo
1347 3059 1380 3126 io
1404 3059 1553 3125 Mancato
1578 3056 1628 3124 dal

257 3175 349 3232 canto
377 3167 456 3248 mio,
486 3164 516 3232 di
541 3165 740 3254 persuaderle
767 3165 795 3233 la
822 3165 1021 3255 professione
1050 3185 1082 3233 et
1104 3163 1292 3233 trovandola
1320 3167 1387 3231 cosl
1414 3162 1530 3246 ferma,
1559 3187 1625 3229 non

257 3272 300 3336 mi
323 3270 482 3339 accadette
511 3271 577 3340 dire
606 3273 696 3355 altr0‚
726 3285 757 3341 et
781 3274 912 3361 partisse
931 3272 979 3340 da
1007 3296 1096 3339 me«.
1142 3272 1180 3339 Et
1203 3281 1366 3360 prometto
1390 3294 1407 3336 a
1430 3272 1471 3336 V.
1496 3270 1539 3352 S,
1568 3270 1626 3337 che

256 3374 367 3464 d'ogni
388 3400 448 3444 suo
465 3377 582 3466 parlare
606 3392 638 3448 et
661 3378 804 3447 discorso
828 3380 860 3446 io
876 3402 1002 3467 sempre
1028 3376 1113 3444 »l’ho
1129 3375 1285 3464 giudicata
1308 3374 1461 3465 prudente
1481 3374 1628 3442 Madama

257 3493 288 3549 et
311 3482 389 3549 hora
403 3484 468 3572 piu,
491 3483 613 3552 benche
636 3485 780 3574 potendo
797 3508 890 3552 senza
912 3484 1043 3573 perdita,
1068 3506 1162 3551 come
1181 3481 1212 3550 di
1229 3504 1322 3570 sopra
1345 3482 1389 3548 ho
1405 3480 1505 3563 detto,
1530 3483 1627 3549 evitar

256 3588 333 3655 tanti
356 3589 487 3677 pericoli
511 3602 542 3658 31
558 3589 717 3672 difficolt,
741 3615 809 3659 non
833 3593 876 3658 mi
900 3589 1004 3658 satisfa
1028 3590 1130 3657 molto
1147 3606 1256 3678 questa
1278 3611 1333 3654 sua
1357 3586 1571 3654 obstinatione
1594 3588 1627 3653 in

256 3717 322 3760 non
346 3706 501 3763 accettare
524 3708 636 3786 questo
656 3721 735 3764 sano
759 3697 948 3785 consiglion.

360 3818 402 3884 Di
426 3818 554 3886 Londra
577 3819 626 3887 alli
651 3824 691 3886 26
716 3819 876 3889 d'ottobre
902 3823 994 3904 1528.

910 4066 972 4149 32.

362 4224 526 4296 Fortsctrung
545 4225 598 4278 und
617 4225 716 4295 Schluss
737 4226 780 4279 des
799 4225 931 4278 Berichtes.
970 4223 1081 4277 Ernentc
1097 4221 1289 4293 Vorstellungen
1312 4222 1359 4276 der
1376 4223 1464 4276 beiden
1483 4222 1628 4276 Kardindle

256 4330 291 4366 an
313 4313 355 4366 die
375 4312 490 4384 Konigr'n
509 4313 669 4378 Kalbarina,
694 4313 813 4367 Anlwort
835 4314 881 4367 der
900 4315 1024 4383 letatcren.
1064 4310 1255 4381 Sclnoierigkeit
1277 4313 1359 4364 seiner
1382 4311 1461 4382 Lage.
1499 4310 1628 4363 Viellcr'chl

256 4406 327 4454 wdre
345 4419 369 4454 33
386 4401 473 4466 besser,
491 4401 534 4454 die
554 4401 632 4456 Sacbc
650 4402 716 4455 nicht
736 4404 763 4454 in
783 4402 912 4473 England,
929 4402 1038 4455 sondern
1057 4401 1084 4453 in
1104 4398 1167 4452 Rom
1186 4416 1217 4468 (u
1236 4399 1398 4453 entscheiden.

364 4542 473 4609 »Hieri
500 4542 630 4632 piacque
658 4541 716 4609 alla
737 4543 860 4610 Maesta
886 4540 937 4610 del
959 4565 1008 4624 re,
1039 4542 1098 4609 che
1121 4540 1320 4609 Eboracense
1348 4560 1379 4608 et
1402 4542 1434 4607 io
1458 4538 1627 4607 andassino

256 4647 313 4714 alla
336 4648 460 4736 regina,
489 4671 551 4715 con
580 4648 607 4715 la
630 4648 721 4737 quale
745 4649 770 4715 si
793 4646 941 4715 doveano
968 4660 1075 4715 trovar
1102 4647 1124 4715 li
1151 4646 1290 4737 deputati
1318 4658 1350 4714 et
1376 4646 1630 4733 sopranominati

257 4754 447 4843 consiglieri.
494 4753 532 4822 Et
556 4757 622 4822 cosl
645 4752 829 4837 andammo,
857 4766 889 4822 et
911 4756 944 4821 in
968 4755 1124 4842 presentia
1147 4753 1218 4821 loro
1242 4767 1274 4821 et
1297 4752 1328 4821 di
1352 4775 1420 4820 essa
1443 4753 1554 4841 regina
1577 4774 1632 4818 ex-

256 4863 328 4950 posi
350 4861 379 4928 la
402 4861 536 4948 cagione
564 4859 644 4927 della
666 4859 826 4948 legatione
849 4878 957 4928 nostra
981 4871 1012 4928 et
1035 4859 1160 4948 replicai
1183 4860 1212 4927 le
1236 4860 1457 4927 commissioni
1487 4870 1518 4926 31
1545 4867 1632 4926 tutto

258 4967 330 5056 quel
346 4967 404 5035 che
425 4967 525 5055 prima
541 4966 664 5034 havevo
688 4966 778 5034 detto
794 4990 812 5033 a
827 4966 890 5034 Sua
904 4967 1035 5049 Maesta,
1060 4978 1091 5034 ct
1107 4966 1244 5034 maxime
1266 4967 1346 5034 circa
1369 4965 1398 5033 le
1414 4964 1633 5033 exhortationi
