<?xml version="1.0" encoding="UTF-8"?>
<!DOCTYPE html PUBLIC "-//W3C//DTD XHTML 1.0 Transitional//EN"
    "http://www.w3.org/TR/xhtml1/DTD/xhtml1-transitional.dtd">
<html xmlns="http://www.w3.org/1999/xhtml" xml:lang="en" lang="en">
 <head>
  <title>
</title>
<meta http-equiv="Content-Type" content="text/html;charset=utf-8" />
  <meta name='ocr-system' content='tesseract 3.04.00' />
  <meta name='ocr-capabilities' content='ocr_page ocr_carea ocr_par ocr_line ocrx_word'/>
</head>
<body>
  <div class='ocr_page' id='page_1' title='image "./rmischedokument01ehsegoog_0055.png"; bbox 0 0 3820 5592; ppageno 0'>
   <div class='ocr_carea' id='block_1_1' title="bbox 243 347 381 420">
    <p class='ocr_par' dir='ltr' id='par_1_1' title="bbox 243 347 381 420">
     <span class='ocr_line' id='line_1_1' title="bbox 243 347 381 420; baseline -0.007 -17"><span class='ocrx_word' id='word_1_1' title='bbox 243 363 305 418; x_wconf 81' lang='lat'>¹527</span> <span class='ocrx_word' id='word_1_2' title='bbox 323 347 381 420; x_wconf 90' lang='lat' dir='ltr'>Juli.</span> 
     </span>
    </p>
   </div>
   <div class='ocr_carea' id='block_1_2' title="bbox 342 642 1482 864">
    <p class='ocr_par' dir='ltr' id='par_1_2' title="bbox 342 642 1482 864">
     <span class='ocr_line' id='line_1_2' title="bbox 355 642 1482 736; baseline -0.003 -18"><span class='ocrx_word' id='word_1_3' title='bbox 355 647 450 717; x_wconf 90' lang='lat' dir='ltr'>Kard.</span> <span class='ocrx_word' id='word_1_4' title='bbox 474 647 636 736; x_wconf 89' lang='lat' dir='ltr'>Wolsey</span> <span class='ocrx_word' id='word_1_5' title='bbox 659 669 699 713; x_wconf 88' lang='lat' dir='ltr'>an</span> <span class='ocrx_word' id='word_1_6' title='bbox 722 644 817 713; x_wconf 87' lang='lat' dir='ltr'>Kard.</span> <span class='ocrx_word' id='word_1_7' title='bbox 842 644 1000 714; x_wconf 93' lang='lat' dir='ltr'>Ridolfi.</span> <span class='ocrx_word' id='word_1_8' title='bbox 1047 642 1197 726; x_wconf 93' lang='lat' dir='ltr'>London‚</span> <span class='ocrx_word' id='word_1_9' title='bbox 1229 664 1278 712; x_wconf 86' lang='lat'>12.</span> <span class='ocrx_word' id='word_1_10' title='bbox 1301 644 1361 728; x_wconf 84' lang='lat' dir='ltr'>Juli</span> <span class='ocrx_word' id='word_1_11' title='bbox 1390 667 1482 735; x_wconf 81' lang='lat'>1527.</span> 
     </span>
     <span class='ocr_line' id='line_1_3' title="bbox 342 787 1179 864; baseline -0.006 -19"><span class='ocrx_word' id='word_1_12' title='bbox 342 790 526 864; x_wconf 73' lang='lat' dir='ltr'>Etusprecbend</span> <span class='ocrx_word' id='word_1_13' title='bbox 543 790 599 843; x_wconf 77' lang='lat' dir='ltr'>deta</span> <span class='ocrx_word' id='word_1_14' title='bbox 617 787 807 853; x_wconf 80' lang='lat' dir='ltr'>vorstehenden,</span> <span class='ocrx_word' id='word_1_15' title='bbox 825 804 875 840; x_wconf 84' lang='lat' dir='ltr'>nur</span> <span class='ocrx_word' id='word_1_16' title='bbox 893 794 971 842; x_wconf 80' lang='lat' dir='ltr'><em>etwas</em></span> <span class='ocrx_word' id='word_1_17' title='bbox 988 787 1179 858; x_wconf 74' lang='lat' dir='ltr'>ausjrthrlt‘cber.</span> 
     </span>
    </p>
   </div>
   <div class='ocr_carea' id='block_1_3' title="bbox 296 908 1550 1099">
    <p class='ocr_par' dir='ltr' id='par_1_3' title="bbox 296 908 1550 1099">
     <span class='ocr_line' id='line_1_4' title="bbox 296 908 1550 1002; baseline 0 -18"><span class='ocrx_word' id='word_1_18' title='bbox 296 911 575 984; x_wconf 88' lang='lat' dir='ltr'>Reverendissimo</span> <span class='ocrx_word' id='word_1_19' title='bbox 600 911 787 979; x_wconf 86' lang='lat' dir='ltr'>in‘Christo</span> <span class='ocrx_word' id='word_1_20' title='bbox 811 911 904 993; x_wconf 89' lang='lat' dir='ltr'>Patri,</span> <span class='ocrx_word' id='word_1_21' title='bbox 929 910 1075 977; x_wconf 89' lang='lat' dir='ltr'>Domino</span> <span class='ocrx_word' id='word_1_22' title='bbox 1099 908 1246 977; x_wconf 86' lang='lat' dir='ltr'>cardinali</span> <span class='ocrx_word' id='word_1_23' title='bbox 1270 910 1421 994; x_wconf 89' lang='lat' dir='ltr'>Rodulf0,</span> <span class='ocrx_word' id='word_1_24' title='bbox 1444 913 1550 1002; x_wconf 89' lang='lat' dir='ltr'>legato</span> 
     </span>
     <span class='ocr_line' id='line_1_5' title="bbox 527 1015 1315 1099; baseline -0.001 -14"><span class='ocrx_word' id='word_1_25' title='bbox 527 1018 723 1099; x_wconf 77' lang='lat' dir='ltr'>patrimonii,</span> <span class='ocrx_word' id='word_1_26' title='bbox 747 1017 892 1085; x_wconf 89' lang='lat' dir='ltr'>Domino</span> <span class='ocrx_word' id='word_1_27' title='bbox 916 1039 992 1084; x_wconf 90' lang='lat' dir='ltr'>meo</span> <span class='ocrx_word' id='word_1_28' title='bbox 1016 1015 1315 1084; x_wconf 85' lang='lat' dir='ltr'>observandissimo</span> 
     </span>
    </p>
   </div>
   <div class='ocr_carea' id='block_1_4' title="bbox 156 1140 1616 5137">
    <p class='ocr_par' dir='ltr' id='par_1_4' title="bbox 156 1140 1616 5056">
     <span class='ocr_line' id='line_1_6' title="bbox 343 1140 1608 1234; baseline 0.002 -21"><span class='ocrx_word' id='word_1_29' title='bbox 343 1143 620 1215; x_wconf 89' lang='lat' dir='ltr'>Reverendissime</span> <span class='ocrx_word' id='word_1_30' title='bbox 653 1153 712 1210; x_wconf 89' lang='lat' dir='ltr'>etc.</span> <span class='ocrx_word' id='word_1_31' title='bbox 764 1142 841 1209; x_wconf 91' lang='lat' dir='ltr'>Non</span> <span class='ocrx_word' id='word_1_32' title='bbox 870 1140 996 1223; x_wconf 91' lang='lat' dir='ltr'>dubit0,</span> <span class='ocrx_word' id='word_1_33' title='bbox 1030 1142 1105 1229; x_wconf 92' lang='lat' dir='ltr'>quin</span> <span class='ocrx_word' id='word_1_34' title='bbox 1136 1163 1194 1229; x_wconf 92' lang='lat' dir='ltr'>pro</span> <span class='ocrx_word' id='word_1_35' title='bbox 1223 1140 1277 1208; x_wconf 92' lang='lat' dir='ltr'>illo</span> <span class='ocrx_word' id='word_1_36' title='bbox 1310 1140 1471 1230; x_wconf 83' lang='lat' dir='ltr'>dignitatis</span> <span class='ocrx_word' id='word_1_37' title='bbox 1498 1147 1608 1234; x_wconf 90' lang='lat' dir='ltr'>gradu,</span> 
     </span>
     <span class='ocr_line' id='line_1_7' title="bbox 240 1247 1609 1340; baseline 0.003 -21"><span class='ocrx_word' id='word_1_38' title='bbox 240 1275 333 1340; x_wconf 91' lang='lat' dir='ltr'>quem</span> <span class='ocrx_word' id='word_1_39' title='bbox 364 1249 470 1319; x_wconf 93' lang='lat' dir='ltr'>divina</span> <span class='ocrx_word' id='word_1_40' title='bbox 498 1250 702 1317; x_wconf 89' lang='lat' dir='ltr'>miseratione</span> <span class='ocrx_word' id='word_1_41' title='bbox 732 1270 940 1315; x_wconf 91' lang='lat' dir='ltr'>communem</span> <span class='ocrx_word' id='word_1_42' title='bbox 969 1249 1125 1334; x_wconf 86' lang='lat' dir='ltr'>gerimus,</span> <span class='ocrx_word' id='word_1_43' title='bbox 1152 1269 1260 1335; x_wconf 88' lang='lat' dir='ltr'>parem</span> <span class='ocrx_word' id='word_1_44' title='bbox 1290 1271 1329 1315; x_wconf 83' lang='lat' dir='ltr'>ex</span> <span class='ocrx_word' id='word_1_45' title='bbox 1357 1247 1494 1318; x_wconf 91' lang='lat' dir='ltr'>dolenda</span> <span class='ocrx_word' id='word_1_46' title='bbox 1522 1253 1609 1323; x_wconf 90' lang='lat' dir='ltr'>clade</span> 
     </span>
     <span class='ocr_line' id='line_1_8' title="bbox 239 1352 1610 1446; baseline 0.003 -21"><span class='ocrx_word' id='word_1_47' title='bbox 239 1356 438 1446; x_wconf 86' lang='lat' dir='ltr'>inauditaque</span> <span class='ocrx_word' id='word_1_48' title='bbox 475 1354 658 1424; x_wconf 89' lang='lat' dir='ltr'>crudelitate</span> <span class='ocrx_word' id='word_1_49' title='bbox 692 1355 900 1423; x_wconf 87' lang='lat' dir='ltr'>Sanctissimo</span> <span class='ocrx_word' id='word_1_50' title='bbox 933 1353 1079 1421; x_wconf 89' lang='lat' dir='ltr'>Domino</span> <span class='ocrx_word' id='word_1_51' title='bbox 1116 1352 1255 1435; x_wconf 76' lang='lat' dir='ltr'>Nostra,</span> <span class='ocrx_word' id='word_1_52' title='bbox 1289 1369 1491 1425; x_wconf 88' lang='lat' dir='ltr'>sacrosancto</span> <span class='ocrx_word' id='word_1_53' title='bbox 1529 1360 1610 1429; x_wconf 91' lang='lat' dir='ltr'>illius</span> 
     </span>
     <span class='ocr_line' id='line_1_9' title="bbox 239 1459 1608 1553; baseline 0.002 -21"><span class='ocrx_word' id='word_1_54' title='bbox 239 1464 360 1532; x_wconf 92' lang='lat' dir='ltr'>senatui</span> <span class='ocrx_word' id='word_1_55' title='bbox 390 1475 484 1553; x_wconf 93' lang='lat' dir='ltr'>atque</span> <span class='ocrx_word' id='word_1_56' title='bbox 515 1462 616 1529; x_wconf 90' lang='lat' dir='ltr'>almae</span> <span class='ocrx_word' id='word_1_57' title='bbox 648 1459 715 1528; x_wconf 90' lang='lat' dir='ltr'>urbi</span> <span class='ocrx_word' id='word_1_58' title='bbox 747 1461 870 1529; x_wconf 90' lang='lat' dir='ltr'>Romae</span> <span class='ocrx_word' id='word_1_59' title='bbox 901 1459 982 1528; x_wconf 87' lang='lat' dir='ltr'>illata</span> <span class='ocrx_word' id='word_1_60' title='bbox 1015 1459 1195 1527; x_wconf 88' lang='lat' dir='ltr'>molestiam</span> <span class='ocrx_word' id='word_1_61' title='bbox 1226 1483 1355 1528; x_wconf 91' lang='lat' dir='ltr'>mecum</span> <span class='ocrx_word' id='word_1_62' title='bbox 1388 1468 1608 1553; x_wconf 83' lang='lat' dir='ltr'>conceperitis.</span> 
     </span>
     <span class='ocr_line' id='line_1_10' title="bbox 240 1567 1610 1654; baseline 0.004 -17"><span class='ocrx_word' id='word_1_63' title='bbox 240 1569 328 1652; x_wconf 87' lang='lat' dir='ltr'>Quid</span> <span class='ocrx_word' id='word_1_64' title='bbox 351 1570 438 1638; x_wconf 91' lang='lat' dir='ltr'>enim</span> <span class='ocrx_word' id='word_1_65' title='bbox 462 1570 494 1636; x_wconf 94' lang='lat' dir='ltr'>in</span> <span class='ocrx_word' id='word_1_66' title='bbox 519 1590 728 1651; x_wconf 85' lang='lat' dir='ltr'>communem</span> <span class='ocrx_word' id='word_1_67' title='bbox 752 1567 899 1634; x_wconf 91' lang='lat' dir='ltr'>omnium</span> <span class='ocrx_word' id='word_1_68' title='bbox 929 1578 1095 1654; x_wconf 89' lang='lat' dir='ltr'>parentem</span> <span class='ocrx_word' id='word_1_69' title='bbox 1125 1578 1156 1633; x_wconf 90' lang='lat' dir='ltr'>et</span> <span class='ocrx_word' id='word_1_70' title='bbox 1184 1567 1323 1635; x_wconf 91' lang='lat' dir='ltr'>universi</span> <span class='ocrx_word' id='word_1_71' title='bbox 1351 1567 1436 1636; x_wconf 92' lang='lat' dir='ltr'>orbis</span> <span class='ocrx_word' id='word_1_72' title='bbox 1467 1571 1610 1642; x_wconf 88' lang='lat' dir='ltr'>cardines</span> 
     </span>
     <span class='ocr_line' id='line_1_11' title="bbox 240 1672 1610 1768; baseline 0.003 -24"><span class='ocrx_word' id='word_1_73' title='bbox 240 1675 418 1744; x_wconf 82' lang='lat' dir='ltr'>sceleratius</span> <span class='ocrx_word' id='word_1_74' title='bbox 441 1674 561 1757; x_wconf 90' lang='lat' dir='ltr'>moliri,</span> <span class='ocrx_word' id='word_1_75' title='bbox 592 1672 667 1764; x_wconf 92' lang='lat' dir='ltr'>quid</span> <span class='ocrx_word' id='word_1_76' title='bbox 690 1675 723 1740; x_wconf 96' lang='lat' dir='ltr'>in</span> <span class='ocrx_word' id='word_1_77' title='bbox 747 1674 851 1761; x_wconf 90' lang='lat' dir='ltr'>ipsum</span> <span class='ocrx_word' id='word_1_78' title='bbox 875 1672 1038 1741; x_wconf 83' lang='lat' dir='ltr'>Christum</span> <span class='ocrx_word' id='word_1_79' title='bbox 1067 1674 1196 1761; x_wconf 89' lang='lat' dir='ltr'>eiusque</span> <span class='ocrx_word' id='word_1_80' title='bbox 1225 1674 1437 1742; x_wconf 88' lang='lat' dir='ltr'>sanctissimas</span> <span class='ocrx_word' id='word_1_81' title='bbox 1465 1677 1610 1768; x_wconf 85' lang='lat' dir='ltr'>reliquias</span> 
     </span>
     <span class='ocr_line' id='line_1_12' title="bbox 239 1776 1610 1869; baseline 0.002 -19"><span class='ocrx_word' id='word_1_82' title='bbox 239 1783 409 1850; x_wconf 88' lang='lat' dir='ltr'>immanius</span> <span class='ocrx_word' id='word_1_83' title='bbox 433 1782 606 1869; x_wconf 82' lang='lat' dir='ltr'>excogitati</span> <span class='ocrx_word' id='word_1_84' title='bbox 628 1792 769 1869; x_wconf 87' lang='lat' dir='ltr'>poterat,</span> <span class='ocrx_word' id='word_1_85' title='bbox 793 1776 880 1869; x_wconf 93' lang='lat' dir='ltr'>quod</span> <span class='ocrx_word' id='word_1_86' title='bbox 903 1801 970 1845; x_wconf 90' lang='lat' dir='ltr'>non</span> <span class='ocrx_word' id='word_1_87' title='bbox 994 1777 1051 1862; x_wconf 88' lang='lat' dir='ltr'>illi,</span> <span class='ocrx_word' id='word_1_88' title='bbox 1080 1780 1134 1867; x_wconf 90' lang='lat' dir='ltr'>qui</span> <span class='ocrx_word' id='word_1_89' title='bbox 1156 1778 1361 1847; x_wconf 92' lang='lat' dir='ltr'>christianum</span> <span class='ocrx_word' id='word_1_90' title='bbox 1385 1804 1507 1850; x_wconf 95' lang='lat' dir='ltr'>nomen</span> <span class='ocrx_word' id='word_1_91' title='bbox 1530 1781 1610 1854; x_wconf 86' lang='lat' dir='ltr'>falso</span> 
     </span>
     <span class='ocr_line' id='line_1_13' title="bbox 240 1883 1610 1978; baseline 0.001 -21"><span class='ocrx_word' id='word_1_92' title='bbox 240 1887 444 1978; x_wconf 89' lang='lat' dir='ltr'>profitentur,</span> <span class='ocrx_word' id='word_1_93' title='bbox 473 1910 491 1955; x_wconf 87' lang='lat' dir='ltr'>a</span> <span class='ocrx_word' id='word_1_94' title='bbox 519 1885 611 1954; x_wconf 91' lang='lat' dir='ltr'>nullis</span> <span class='ocrx_word' id='word_1_95' title='bbox 639 1885 833 1954; x_wconf 82' lang='lat' dir='ltr'>abstinentes</span> <span class='ocrx_word' id='word_1_96' title='bbox 860 1884 1029 1953; x_wconf 86' lang='lat' dir='ltr'>sceleribus</span> <span class='ocrx_word' id='word_1_97' title='bbox 1056 1883 1204 1952; x_wconf 89' lang='lat' dir='ltr'>ineffabili</span> <span class='ocrx_word' id='word_1_98' title='bbox 1232 1909 1317 1953; x_wconf 91' lang='lat' dir='ltr'>nunc</span> <span class='ocrx_word' id='word_1_99' title='bbox 1341 1889 1469 1956; x_wconf 86' lang='lat' dir='ltr'>saevitia</span> <span class='ocrx_word' id='word_1_100' title='bbox 1497 1902 1529 1958; x_wconf 89' lang='lat' dir='ltr'>et</span> <span class='ocrx_word' id='word_1_101' title='bbox 1551 1892 1610 1958; x_wconf 93' lang='lat' dir='ltr'>im·</span> 
     </span>
     <span class='ocr_line' id='line_1_14' title="bbox 240 1988 1610 2085; baseline 0.003 -23"><span class='ocrx_word' id='word_1_102' title='bbox 240 1997 355 2084; x_wconf 87' lang='lat' dir='ltr'>pietate</span> <span class='ocrx_word' id='word_1_103' title='bbox 384 1994 620 2083; x_wconf 86' lang='lat' dir='ltr'>superaverint?</span> <span class='ocrx_word' id='word_1_104' title='bbox 665 1993 775 2081; x_wconf 88' lang='lat' dir='ltr'>Usque</span> <span class='ocrx_word' id='word_1_105' title='bbox 807 1990 907 2075; x_wconf 89' lang='lat' dir='ltr'>adeo,</span> <span class='ocrx_word' id='word_1_106' title='bbox 944 2010 979 2059; x_wconf 89' lang='lat' dir='ltr'>ut</span> <span class='ocrx_word' id='word_1_107' title='bbox 1011 1988 1256 2059; x_wconf 84' lang='lat' dir='ltr'>existimandum</span> <span class='ocrx_word' id='word_1_108' title='bbox 1287 1994 1341 2077; x_wconf 88' lang='lat' dir='ltr'>sit,</span> <span class='ocrx_word' id='word_1_109' title='bbox 1371 1992 1493 2062; x_wconf 89' lang='lat' dir='ltr'>Turcas</span> <span class='ocrx_word' id='word_1_110' title='bbox 1523 1997 1610 2085; x_wconf 88' lang='lat' dir='ltr'>ipsos</span> 
     </span>
     <span class='ocr_line' id='line_1_15' title="bbox 240 2096 1610 2190; baseline 0.002 -21"><span class='ocrx_word' id='word_1_111' title='bbox 240 2102 424 2190; x_wconf 80' lang='lat' dir='ltr'>neutiquam</span> <span class='ocrx_word' id='word_1_112' title='bbox 446 2101 588 2189; x_wconf 89' lang='lat' dir='ltr'>potuisse</span> <span class='ocrx_word' id='word_1_113' title='bbox 604 2098 765 2166; x_wconf 86' lang='lat' dir='ltr'>inoffenso</span> <span class='ocrx_word' id='word_1_114' title='bbox 789 2098 898 2165; x_wconf 86' lang='lat' dir='ltr'>animo</span> <span class='ocrx_word' id='word_1_115' title='bbox 920 2116 986 2165; x_wconf 86' lang='lat' dir='ltr'>tant</span> <span class='ocrx_word' id='word_1_116' title='bbox 1010 2096 1168 2165; x_wconf 87' lang='lat' dir='ltr'>horrenda</span> <span class='ocrx_word' id='word_1_117' title='bbox 1183 2096 1323 2165; x_wconf 89' lang='lat' dir='ltr'>facinora</span> <span class='ocrx_word' id='word_1_118' title='bbox 1346 2101 1511 2169; x_wconf 89' lang='lat' dir='ltr'>sustinere.</span> <span class='ocrx_word' id='word_1_119' title='bbox 1547 2103 1610 2172; x_wconf 89' lang='lat' dir='ltr'>Sed</span> 
     </span>
     <span class='ocr_line' id='line_1_16' title="bbox 239 2203 1610 2293; baseline 0.001 -17"><span class='ocrx_word' id='word_1_120' title='bbox 239 2230 364 2291; x_wconf 91' lang='lat' dir='ltr'>vereor,</span> <span class='ocrx_word' id='word_1_121' title='bbox 386 2230 428 2273; x_wconf 89' lang='lat' dir='ltr'>ne</span> <span class='ocrx_word' id='word_1_122' title='bbox 451 2208 484 2273; x_wconf 92' lang='lat' dir='ltr'>in</span> <span class='ocrx_word' id='word_1_123' title='bbox 507 2207 686 2293; x_wconf 90' lang='lat' dir='ltr'>ingentium</span> <span class='ocrx_word' id='word_1_124' title='bbox 709 2204 825 2272; x_wconf 90' lang='lat' dir='ltr'>horum</span> <span class='ocrx_word' id='word_1_125' title='bbox 850 2203 1007 2271; x_wconf 91' lang='lat' dir='ltr'>malorum</span> <span class='ocrx_word' id='word_1_126' title='bbox 1037 2206 1348 2273; x_wconf 87' lang='lat' dir='ltr'>commemoratione</span> <span class='ocrx_word' id='word_1_127' title='bbox 1372 2204 1520 2276; x_wconf 88' lang='lat' dir='ltr'>dolorem</span> <span class='ocrx_word' id='word_1_128' title='bbox 1547 2210 1610 2278; x_wconf 90' lang='lat' dir='ltr'>iam</span> 
     </span>
     <span class='ocr_line' id='line_1_17' title="bbox 239 2310 1611 2405; baseline 0.002 -24"><span class='ocrx_word' id='word_1_129' title='bbox 239 2312 429 2402; x_wconf 88' lang='lat' dir='ltr'>praecordiis</span> <span class='ocrx_word' id='word_1_130' title='bbox 452 2310 649 2401; x_wconf 82' lang='lat' dir='ltr'>conceptum&#39;</span> <span class='ocrx_word' id='word_1_131' title='bbox 667 2312 801 2380; x_wconf 87' lang='lat' dir='ltr'>Vestrae</span> <span class='ocrx_word' id='word_1_132' title='bbox 824 2311 934 2379; x_wconf 89' lang='lat' dir='ltr'>Rmae.</span> <span class='ocrx_word' id='word_1_133' title='bbox 959 2311 1182 2378; x_wconf 89' lang='lat' dir='ltr'>Dominationi</span> <span class='ocrx_word' id='word_1_134' title='bbox 1211 2322 1242 2379; x_wconf 89' lang='lat' dir='ltr'>et</span> <span class='ocrx_word' id='word_1_135' title='bbox 1271 2312 1349 2378; x_wconf 92' lang='lat' dir='ltr'>mihi</span> <span class='ocrx_word' id='word_1_136' title='bbox 1378 2335 1528 2400; x_wconf 85' lang='lat' dir='ltr'>augeam,</span> <span class='ocrx_word' id='word_1_137' title='bbox 1556 2318 1611 2405; x_wconf 95' lang='lat' dir='ltr'>qui</span> 
     </span>
     <span class='ocr_line' id='line_1_18' title="bbox 238 2415 1610 2507; baseline 0.002 -20"><span class='ocrx_word' id='word_1_138' title='bbox 238 2419 311 2489; x_wconf 92' lang='lat' dir='ltr'>licet</span> <span class='ocrx_word' id='word_1_139' title='bbox 333 2418 430 2507; x_wconf 90' lang='lat' dir='ltr'>longe</span> <span class='ocrx_word' id='word_1_140' title='bbox 458 2418 558 2486; x_wconf 90' lang='lat' dir='ltr'>absim</span> <span class='ocrx_word' id='word_1_141' title='bbox 580 2441 599 2485; x_wconf 89' lang='lat' dir='ltr'>a</span> <span class='ocrx_word' id='word_1_142' title='bbox 621 2417 776 2507; x_wconf 76' lang='lat' dir='ltr'>pericula,</span> <span class='ocrx_word' id='word_1_143' title='bbox 803 2429 924 2485; x_wconf 89' lang='lat' dir='ltr'>tantam</span> <span class='ocrx_word' id='word_1_144' title='bbox 947 2436 1055 2483; x_wconf 86' lang='lat' dir='ltr'>tamen</span> <span class='ocrx_word' id='word_1_145' title='bbox 1077 2415 1299 2505; x_wconf 85' lang='lat' dir='ltr'>indignitatem</span> <span class='ocrx_word' id='word_1_146' title='bbox 1321 2440 1388 2485; x_wconf 90' lang='lat' dir='ltr'>non</span> <span class='ocrx_word' id='word_1_147' title='bbox 1412 2418 1473 2486; x_wconf 94' lang='lat' dir='ltr'>alio</span> <span class='ocrx_word' id='word_1_148' title='bbox 1501 2422 1610 2490; x_wconf 90' lang='lat' dir='ltr'>animo</span> 
     </span>
     <span class='ocr_line' id='line_1_19' title="bbox 239 2521 1610 2615; baseline 0.001 -22"><span class='ocrx_word' id='word_1_149' title='bbox 239 2525 318 2610; x_wconf 86' lang='lat' dir='ltr'>feru,</span> <span class='ocrx_word' id='word_1_150' title='bbox 331 2548 426 2615; x_wconf 89' lang='lat' dir='ltr'>quam</span> <span class='ocrx_word' id='word_1_151' title='bbox 441 2527 468 2592; x_wconf 93' lang='lat' dir='ltr'>si</span> <span class='ocrx_word' id='word_1_152' title='bbox 484 2525 608 2595; x_wconf 89' lang='lat' dir='ltr'>Romae</span> <span class='ocrx_word' id='word_1_153' title='bbox 624 2547 722 2612; x_wconf 87' lang='lat' dir='ltr'>agens</span> <span class='ocrx_word' id='word_1_154' title='bbox 736 2524 914 2611; x_wconf 90' lang='lat' dir='ltr'>gravissimi</span> <span class='ocrx_word' id='word_1_155' title='bbox 930 2521 1042 2590; x_wconf 88' lang='lat' dir='ltr'>excidii</span> <span class='ocrx_word' id='word_1_156' title='bbox 1056 2523 1228 2590; x_wconf 83' lang='lat' dir='ltr'>extitissem</span> <span class='ocrx_word' id='word_1_157' title='bbox 1239 2525 1403 2612; x_wconf 87' lang='lat' dir='ltr'>particeps.</span> <span class='ocrx_word' id='word_1_158' title='bbox 1446 2525 1610 2613; x_wconf 86' lang='lat' dir='ltr'>Ceterum,</span> 
     </span>
     <span class='ocr_line' id='line_1_20' title="bbox 239 2627 1608 2713; baseline 0 -13"><span class='ocrx_word' id='word_1_159' title='bbox 239 2632 331 2701; x_wconf 87' lang='lat' dir='ltr'>Rme.</span> <span class='ocrx_word' id='word_1_160' title='bbox 362 2633 469 2713; x_wconf 90' lang='lat' dir='ltr'>Pater,</span> <span class='ocrx_word' id='word_1_161' title='bbox 498 2632 532 2697; x_wconf 92' lang='lat' dir='ltr'>in</span> <span class='ocrx_word' id='word_1_162' title='bbox 563 2630 620 2698; x_wconf 90' lang='lat' dir='ltr'>hac</span> <span class='ocrx_word' id='word_1_163' title='bbox 651 2652 759 2697; x_wconf 91' lang='lat' dir='ltr'>terum</span> <span class='ocrx_word' id='word_1_164' title='bbox 795 2627 995 2696; x_wconf 87' lang='lat' dir='ltr'>acerbissima</span> <span class='ocrx_word' id='word_1_165' title='bbox 1027 2627 1208 2696; x_wconf 84' lang='lat' dir='ltr'>infelicitate</span> <span class='ocrx_word' id='word_1_166' title='bbox 1239 2642 1424 2698; x_wconf 91' lang='lat' dir='ltr'>nostrorum</span> <span class='ocrx_word' id='word_1_167' title='bbox 1459 2634 1608 2700; x_wconf 90' lang='lat' dir='ltr'>omniurn</span> 
     </span>
     <span class='ocr_line' id='line_1_21' title="bbox 241 2733 1610 2825; baseline 0.002 -20"><span class='ocrx_word' id='word_1_168' title='bbox 241 2736 384 2805; x_wconf 89' lang='lat' dir='ltr'>officium</span> <span class='ocrx_word' id='word_1_169' title='bbox 407 2760 477 2805; x_wconf 91' lang='lat' dir='ltr'>esse</span> <span class='ocrx_word' id='word_1_170' title='bbox 499 2749 594 2825; x_wconf 90' lang='lat' dir='ltr'>puto,</span> <span class='ocrx_word' id='word_1_171' title='bbox 623 2759 661 2804; x_wconf 85' lang='lat' dir='ltr'>ex</span> <span class='ocrx_word' id='word_1_172' title='bbox 684 2734 822 2804; x_wconf 90' lang='lat' dir='ltr'>adversis</span> <span class='ocrx_word' id='word_1_173' title='bbox 846 2733 1059 2817; x_wconf 90' lang='lat' dir='ltr'>successibus,</span> <span class='ocrx_word' id='word_1_174' title='bbox 1089 2757 1170 2824; x_wconf 91' lang='lat' dir='ltr'>quos</span> <span class='ocrx_word' id='word_1_175' title='bbox 1194 2734 1267 2802; x_wconf 89' lang='lat' dir='ltr'>Deo</span> <span class='ocrx_word' id='word_1_176' title='bbox 1291 2737 1416 2825; x_wconf 88' lang='lat' dir='ltr'>auspice</span> <span class='ocrx_word' id='word_1_177' title='bbox 1440 2739 1472 2804; x_wconf 92' lang='lat' dir='ltr'>in</span> <span class='ocrx_word' id='word_1_178' title='bbox 1496 2739 1610 2808; x_wconf 91' lang='lat' dir='ltr'>melius</span> 
     </span>
     <span class='ocr_line' id='line_1_22' title="bbox 240 2840 1610 2934; baseline 0.002 -23"><span class='ocrx_word' id='word_1_179' title='bbox 240 2842 409 2934; x_wconf 85' lang='lat' dir='ltr'>aliquando</span> <span class='ocrx_word' id='word_1_180' title='bbox 433 2845 620 2911; x_wconf 89' lang='lat' dir='ltr'>immutatos</span> <span class='ocrx_word' id='word_1_181' title='bbox 643 2843 680 2909; x_wconf 96' lang='lat' dir='ltr'>iri</span> <span class='ocrx_word' id='word_1_182' title='bbox 705 2840 898 2910; x_wconf 89' lang='lat' dir='ltr'>credendum</span> <span class='ocrx_word' id='word_1_183' title='bbox 924 2853 988 2923; x_wconf 90' lang='lat' dir='ltr'>est,</span> <span class='ocrx_word' id='word_1_184' title='bbox 1018 2840 1167 2909; x_wconf 89' lang='lat' dir='ltr'>fortiores</span> <span class='ocrx_word' id='word_1_185' title='bbox 1190 2840 1455 2933; x_wconf 88' lang='lat' dir='ltr'>audentioresque</span> <span class='ocrx_word' id='word_1_186' title='bbox 1483 2846 1610 2914; x_wconf 91' lang='lat' dir='ltr'>animos</span> 
     </span>
     <span class='ocr_line' id='line_1_23' title="bbox 240 2947 1611 3039; baseline 0.003 -22"><span class='ocrx_word' id='word_1_187' title='bbox 240 2948 383 3031; x_wconf 90' lang='lat' dir='ltr'>induere,</span> <span class='ocrx_word' id='word_1_188' title='bbox 406 2951 439 3016; x_wconf 95' lang='lat' dir='ltr'>in</span> <span class='ocrx_word' id='word_1_189' title='bbox 462 2972 553 3017; x_wconf 91' lang='lat' dir='ltr'>causa</span> <span class='ocrx_word' id='word_1_190' title='bbox 569 2949 753 3037; x_wconf 87' lang='lat' dir='ltr'>praesertim</span> <span class='ocrx_word' id='word_1_191' title='bbox 769 2949 949 3030; x_wconf 89' lang='lat' dir='ltr'>iustissima,</span> <span class='ocrx_word' id='word_1_192' title='bbox 973 2948 1024 3015; x_wconf 93' lang='lat' dir='ltr'>cui</span> <span class='ocrx_word' id='word_1_193' title='bbox 1047 2947 1206 3015; x_wconf 90' lang='lat' dir='ltr'>christiani</span> <span class='ocrx_word' id='word_1_194' title='bbox 1223 2970 1337 3016; x_wconf 90' lang='lat' dir='ltr'>omnes</span> <span class='ocrx_word' id='word_1_195' title='bbox 1360 2951 1528 3039; x_wconf 89' lang='lat' dir='ltr'>principes,</span> <span class='ocrx_word' id='word_1_196' title='bbox 1550 2955 1611 3021; x_wconf 91' lang='lat' dir='ltr'>nisi</span> 
     </span>
     <span class='ocr_line' id='line_1_24' title="bbox 242 3053 1611 3144; baseline 0.003 -21"><span class='ocrx_word' id='word_1_197' title='bbox 242 3054 429 3144; x_wconf 86' lang='lat' dir='ltr'>dignitatem</span> <span class='ocrx_word' id='word_1_198' title='bbox 451 3079 488 3123; x_wconf 92' lang='lat' dir='ltr'>ac</span> <span class='ocrx_word' id='word_1_199' title='bbox 503 3054 692 3143; x_wconf 90' lang='lat' dir='ltr'>religionem</span> <span class='ocrx_word' id='word_1_200' title='bbox 708 3053 951 3122; x_wconf 87' lang='lat' dir='ltr'>ecclesiasticam</span> <span class='ocrx_word' id='word_1_201' title='bbox 975 3054 1112 3125; x_wconf 89' lang='lat' dir='ltr'>omnino</span> <span class='ocrx_word' id='word_1_202' title='bbox 1133 3056 1372 3123; x_wconf 82' lang='lat' dir='ltr'>exterminatam</span> <span class='ocrx_word' id='word_1_203' title='bbox 1395 3056 1503 3140; x_wconf 90' lang='lat' dir='ltr'>velint,</span> <span class='ocrx_word' id='word_1_204' title='bbox 1527 3058 1611 3127; x_wconf 89' lang='lat' dir='ltr'>nulla</span> 
     </span>
     <span class='ocr_line' id='line_1_25' title="bbox 243 3160 1611 3250; baseline 0.003 -21"><span class='ocrx_word' id='word_1_205' title='bbox 243 3162 461 3231; x_wconf 89' lang='lat' dir='ltr'>controversia</span> <span class='ocrx_word' id='word_1_206' title='bbox 491 3160 625 3229; x_wconf 83' lang='lat' dir='ltr'>adfuturi</span> <span class='ocrx_word' id='word_1_207' title='bbox 659 3180 742 3229; x_wconf 90' lang='lat' dir='ltr'>sunt.</span> <span class='ocrx_word' id='word_1_208' title='bbox 794 3160 882 3228; x_wconf 90' lang='lat' dir='ltr'>Dum</span> <span class='ocrx_word' id='word_1_209' title='bbox 918 3160 1022 3250; x_wconf 89' lang='lat' dir='ltr'>itaque</span> <span class='ocrx_word' id='word_1_210' title='bbox 1056 3172 1183 3248; x_wconf 90' lang='lat' dir='ltr'>accepta</span> <span class='ocrx_word' id='word_1_211' title='bbox 1218 3162 1329 3228; x_wconf 90' lang='lat' dir='ltr'>iniuria</span> <span class='ocrx_word' id='word_1_212' title='bbox 1364 3184 1476 3231; x_wconf 90' lang='lat' dir='ltr'>recens</span> <span class='ocrx_word' id='word_1_213' title='bbox 1509 3163 1611 3234; x_wconf 88' lang='lat' dir='ltr'>adhuc</span> 
     </span>
     <span class='ocr_line' id='line_1_26' title="bbox 241 3264 1611 3355; baseline 0.004 -21"><span class='ocrx_word' id='word_1_214' title='bbox 241 3269 353 3335; x_wconf 87' lang='lat' dir='ltr'>animis</span> <span class='ocrx_word' id='word_1_215' title='bbox 375 3267 502 3350; x_wconf 89' lang='lat' dir='ltr'>residet,</span> <span class='ocrx_word' id='word_1_216' title='bbox 525 3269 634 3334; x_wconf 91' lang='lat' dir='ltr'>omnia</span> <span class='ocrx_word' id='word_1_217' title='bbox 657 3264 857 3355; x_wconf 84' lang='lat' dir='ltr'>experienda,</span> <span class='ocrx_word' id='word_1_218' title='bbox 880 3264 1017 3355; x_wconf 84' lang='lat' dir='ltr'>lapidem</span> <span class='ocrx_word' id='word_1_219' title='bbox 1040 3288 1174 3333; x_wconf 90' lang='lat' dir='ltr'>omnem</span> <span class='ocrx_word' id='word_1_220' title='bbox 1198 3266 1393 3337; x_wconf 90' lang='lat' dir='ltr'>movendum</span> <span class='ocrx_word' id='word_1_221' title='bbox 1420 3292 1489 3337; x_wconf 89' lang='lat' dir='ltr'>esse</span> <span class='ocrx_word' id='word_1_222' title='bbox 1504 3269 1611 3339; x_wconf 92' lang='lat' dir='ltr'>iudico</span> 
     </span>
     <span class='ocr_line' id='line_1_27' title="bbox 242 3371 1610 3464; baseline 0.004 -24"><span class='ocrx_word' id='word_1_223' title='bbox 242 3372 281 3440; x_wconf 94' lang='lat' dir='ltr'>ad</span> <span class='ocrx_word' id='word_1_224' title='bbox 303 3374 465 3462; x_wconf 87' lang='lat' dir='ltr'>sanguinis</span> <span class='ocrx_word' id='word_1_225' title='bbox 488 3397 587 3463; x_wconf 89' lang='lat' dir='ltr'>usque</span> <span class='ocrx_word' id='word_1_226' title='bbox 612 3372 813 3456; x_wconf 88' lang='lat' dir='ltr'>effusionem,</span> <span class='ocrx_word' id='word_1_227' title='bbox 837 3384 871 3440; x_wconf 94' lang='lat' dir='ltr'>ut</span> <span class='ocrx_word' id='word_1_228' title='bbox 886 3373 1051 3441; x_wconf 89' lang='lat' dir='ltr'>Romanae</span> <span class='ocrx_word' id='word_1_229' title='bbox 1068 3371 1217 3441; x_wconf 88' lang='lat' dir='ltr'>ecclesiae</span> <span class='ocrx_word' id='word_1_230' title='bbox 1234 3373 1501 3464; x_wconf 87' lang='lat' dir='ltr'>Apostolicaeque</span> <span class='ocrx_word' id='word_1_231' title='bbox 1519 3376 1610 3445; x_wconf 88' lang='lat' dir='ltr'>Sedis</span> 
     </span>
     <span class='ocr_line' id='line_1_28' title="bbox 243 3477 1611 3569; baseline 0.004 -23"><span class='ocrx_word' id='word_1_232' title='bbox 243 3479 411 3568; x_wconf 90' lang='lat' dir='ltr'>collapsam</span> <span class='ocrx_word' id='word_1_233' title='bbox 444 3479 631 3569; x_wconf 87' lang='lat' dir='ltr'>dignitatern</span> <span class='ocrx_word' id='word_1_234' title='bbox 661 3482 694 3546; x_wconf 95' lang='lat' dir='ltr'>in</span> <span class='ocrx_word' id='word_1_235' title='bbox 726 3480 894 3568; x_wconf 91' lang='lat' dir='ltr'>pristinum</span> <span class='ocrx_word' id='word_1_236' title='bbox 924 3477 1057 3566; x_wconf 91' lang='lat' dir='ltr'>gradum</span> <span class='ocrx_word' id='word_1_237' title='bbox 1089 3501 1295 3562; x_wconf 88' lang='lat' dir='ltr'>revocemus,</span> <span class='ocrx_word' id='word_1_238' title='bbox 1326 3492 1361 3548; x_wconf 92' lang='lat' dir='ltr'>ut</span> <span class='ocrx_word' id='word_1_239' title='bbox 1391 3480 1611 3569; x_wconf 89' lang='lat' dir='ltr'>languentibus</span> 
     </span>
     <span class='ocr_line' id='line_1_29' title="bbox 156 3576 1613 3675; baseline 0.003 -23"><span class='ocrx_word' id='word_1_240' title='bbox 156 3576 159 3583; x_wconf 46' lang='lat'><strong>¹</strong></span> <span class='ocrx_word' id='word_1_241' title='bbox 243 3583 393 3653; x_wconf 87' lang='lat' dir='ltr'>membris</span> <span class='ocrx_word' id='word_1_242' title='bbox 415 3584 624 3654; x_wconf 90' lang='lat' dir='ltr'>indubitatum</span> <span class='ocrx_word' id='word_1_243' title='bbox 642 3585 760 3654; x_wconf 89' lang='lat' dir='ltr'>Christi</span> <span class='ocrx_word' id='word_1_244' title='bbox 783 3586 935 3654; x_wconf 91' lang='lat' dir='ltr'>vicarium</span> <span class='ocrx_word' id='word_1_245' title='bbox 958 3586 1255 3674; x_wconf 89' lang='lat' dir='ltr'>sanctissimumque</span> <span class='ocrx_word' id='word_1_246' title='bbox 1278 3606 1371 3675; x_wconf 87' lang='lat' dir='ltr'>caput</span> <span class='ocrx_word' id='word_1_247' title='bbox 1393 3611 1411 3654; x_wconf 92' lang='lat' dir='ltr'>a</span> <span class='ocrx_word' id='word_1_248' title='bbox 1433 3599 1497 3656; x_wconf 90' lang='lat' dir='ltr'>tam</span> <span class='ocrx_word' id='word_1_249' title='bbox 1518 3591 1613 3658; x_wconf 91' lang='lat' dir='ltr'>mise·</span> 
     </span>
     <span class='ocr_line' id='line_1_30' title="bbox 243 3689 1613 3784; baseline 0.004 -26"><span class='ocrx_word' id='word_1_250' title='bbox 243 3691 338 3760; x_wconf 87' lang='lat' dir='ltr'>tanda</span> <span class='ocrx_word' id='word_1_251' title='bbox 366 3693 545 3781; x_wconf 87' lang='lat' dir='ltr'>captivitate</span> <span class='ocrx_word' id='word_1_252' title='bbox 576 3699 778 3761; x_wconf 87' lang='lat' dir='ltr'>restituamus</span> <span class='ocrx_word' id='word_1_253' title='bbox 811 3704 1004 3781; x_wconf 90' lang='lat' dir='ltr'>nostrosque</span> <span class='ocrx_word' id='word_1_254' title='bbox 1034 3692 1145 3760; x_wconf 86' lang='lat' dir='ltr'>Rmos.</span> <span class='ocrx_word' id='word_1_255' title='bbox 1175 3689 1349 3760; x_wconf 85' lang='lat' dir='ltr'>confratres</span> <span class='ocrx_word' id='word_1_256' title='bbox 1383 3705 1449 3761; x_wconf 89' lang='lat' dir='ltr'>tam</span> <span class='ocrx_word' id='word_1_257' title='bbox 1480 3697 1613 3784; x_wconf 89' lang='lat' dir='ltr'>turpiter</span> 
     </span>
     <span class='ocr_line' id='line_1_31' title="bbox 243 3796 1614 3888; baseline 0.004 -23"><span class='ocrx_word' id='word_1_258' title='bbox 243 3796 394 3867; x_wconf 92' lang='lat' dir='ltr'>abductos</span> <span class='ocrx_word' id='word_1_259' title='bbox 418 3799 578 3888; x_wconf 90' lang='lat' dir='ltr'>impieque</span> <span class='ocrx_word' id='word_1_260' title='bbox 605 3811 754 3867; x_wconf 86' lang='lat' dir='ltr'>tractatos</span> <span class='ocrx_word' id='word_1_261' title='bbox 781 3799 815 3865; x_wconf 92' lang='lat' dir='ltr'>in</span> <span class='ocrx_word' id='word_1_262' title='bbox 842 3821 936 3866; x_wconf 91' lang='lat' dir='ltr'>suum</span> <span class='ocrx_word' id='word_1_263' title='bbox 965 3810 1080 3866; x_wconf 89' lang='lat' dir='ltr'>statum</span> <span class='ocrx_word' id='word_1_264' title='bbox 1109 3821 1298 3882; x_wconf 89' lang='lat' dir='ltr'>asseramus;</span> <span class='ocrx_word' id='word_1_265' title='bbox 1331 3823 1390 3867; x_wconf 92' lang='lat' dir='ltr'>nec</span> <span class='ocrx_word' id='word_1_266' title='bbox 1419 3799 1530 3885; x_wconf 89' lang='lat' dir='ltr'>vide0,</span> <span class='ocrx_word' id='word_1_267' title='bbox 1559 3826 1614 3870; x_wconf 88' lang='lat' dir='ltr'>cut</span> 
     </span>
     <span class='ocr_line' id='line_1_32' title="bbox 243 3903 1613 4001; baseline 0.003 -29"><span class='ocrx_word' id='word_1_268' title='bbox 243 3916 306 3972; x_wconf 91' lang='lat' dir='ltr'>tam</span> <span class='ocrx_word' id='word_1_269' title='bbox 330 3907 498 3994; x_wconf 89' lang='lat' dir='ltr'>repentino</span> <span class='ocrx_word' id='word_1_270' title='bbox 523 3917 554 3974; x_wconf 87' lang='lat' dir='ltr'>et</span> <span class='ocrx_word' id='word_1_271' title='bbox 576 3907 743 3995; x_wconf 92' lang='lat' dir='ltr'>inopinato</span> <span class='ocrx_word' id='word_1_272' title='bbox 767 3904 852 3973; x_wconf 92' lang='lat' dir='ltr'>malo</span> <span class='ocrx_word' id='word_1_273' title='bbox 875 3904 1119 3972; x_wconf 88' lang='lat' dir='ltr'>succumbentes</span> <span class='ocrx_word' id='word_1_274' title='bbox 1142 3903 1315 4001; x_wconf 86' lang='lat' dir='ltr'>debeamus</span> <span class='ocrx_word' id='word_1_275' title='bbox 1335 3929 1464 3994; x_wconf 89' lang='lat' dir='ltr'>prorsus</span> <span class='ocrx_word' id='word_1_276' title='bbox 1487 3909 1613 3977; x_wconf 91' lang='lat' dir='ltr'>animos</span> 
     </span>
     <span class='ocr_line' id='line_1_33' title="bbox 245 4009 1613 4101; baseline 0.003 -23"><span class='ocrx_word' id='word_1_277' title='bbox 245 4009 379 4079; x_wconf 89' lang='lat' dir='ltr'>deiicere</span> <span class='ocrx_word' id='word_1_278' title='bbox 402 4034 438 4078; x_wconf 89' lang='lat' dir='ltr'>ac</span> <span class='ocrx_word' id='word_1_279' title='bbox 462 4009 637 4095; x_wconf 90' lang='lat' dir='ltr'>dimittere,</span> <span class='ocrx_word' id='word_1_280' title='bbox 667 4035 739 4079; x_wconf 92' lang='lat' dir='ltr'>curn</span> <span class='ocrx_word' id='word_1_281' title='bbox 763 4010 849 4078; x_wconf 92' lang='lat' dir='ltr'>mille</span> <span class='ocrx_word' id='word_1_282' title='bbox 872 4009 975 4078; x_wconf 92' lang='lat' dir='ltr'>adhuc</span> <span class='ocrx_word' id='word_1_283' title='bbox 1003 4022 1111 4079; x_wconf 85' lang='lat' dir='ltr'>extent</span> <span class='ocrx_word' id='word_1_284' title='bbox 1133 4010 1234 4094; x_wconf 93' lang='lat' dir='ltr'>modi,</span> <span class='ocrx_word' id='word_1_285' title='bbox 1257 4011 1370 4101; x_wconf 92' lang='lat' dir='ltr'>quibus</span> <span class='ocrx_word' id='word_1_286' title='bbox 1396 4014 1613 4082; x_wconf 90' lang='lat' dir='ltr'>saevissimam</span> 
     </span>
     <span class='ocr_line' id='line_1_34' title="bbox 244 4116 1615 4210; baseline 0.004 -26"><span class='ocrx_word' id='word_1_287' title='bbox 244 4117 324 4185; x_wconf 88' lang='lat' dir='ltr'>hanc</span> <span class='ocrx_word' id='word_1_288' title='bbox 355 4139 423 4184; x_wconf 92' lang='lat' dir='ltr'>non</span> <span class='ocrx_word' id='word_1_289' title='bbox 452 4117 546 4185; x_wconf 90' lang='lat' dir='ltr'>nobis</span> <span class='ocrx_word' id='word_1_290' title='bbox 574 4117 695 4200; x_wconf 89' lang='lat' dir='ltr'>solum,</span> <span class='ocrx_word' id='word_1_291' title='bbox 727 4117 784 4185; x_wconf 90' lang='lat' dir='ltr'>sed</span> <span class='ocrx_word' id='word_1_292' title='bbox 811 4118 871 4206; x_wconf 92' lang='lat' dir='ltr'>ipsi</span> <span class='ocrx_word' id='word_1_293' title='bbox 899 4116 1029 4186; x_wconf 89' lang='lat' dir='ltr'>Christo</span> <span class='ocrx_word' id='word_1_294' title='bbox 1062 4116 1178 4185; x_wconf 88' lang='lat' dir='ltr'>illatam</span> <span class='ocrx_word' id='word_1_295' title='bbox 1207 4118 1433 4186; x_wconf 91' lang='lat' dir='ltr'>contumeliam</span> <span class='ocrx_word' id='word_1_296' title='bbox 1462 4143 1615 4210; x_wconf 88' lang='lat' dir='ltr'>queamus</span> 
     </span>
     <span class='ocr_line' id='line_1_35' title="bbox 245 4222 1613 4312; baseline 0.004 -23"><span class='ocrx_word' id='word_1_297' title='bbox 245 4223 403 4291; x_wconf 88' lang='lat' dir='ltr'>resarcire.</span> <span class='ocrx_word' id='word_1_298' title='bbox 442 4223 480 4290; x_wconf 86' lang='lat' dir='ltr'>Et</span> <span class='ocrx_word' id='word_1_299' title='bbox 504 4247 577 4292; x_wconf 91' lang='lat' dir='ltr'>cum</span> <span class='ocrx_word' id='word_1_300' title='bbox 601 4225 808 4312; x_wconf 90' lang='lat' dir='ltr'>omnipotens</span> <span class='ocrx_word' id='word_1_301' title='bbox 824 4222 913 4291; x_wconf 91' lang='lat' dir='ltr'>Deus</span> <span class='ocrx_word' id='word_1_302' title='bbox 935 4246 954 4290; x_wconf 87' lang='lat' dir='ltr'>a</span> <span class='ocrx_word' id='word_1_303' title='bbox 978 4222 1096 4291; x_wconf 91' lang='lat' dir='ltr'>scelere</span> <span class='ocrx_word' id='word_1_304' title='bbox 1119 4234 1185 4291; x_wconf 88' lang='lat' dir='ltr'>tam</span> <span class='ocrx_word' id='word_1_305' title='bbox 1207 4226 1307 4293; x_wconf 91' lang='lat' dir='ltr'>atroci</span> <span class='ocrx_word' id='word_1_306' title='bbox 1324 4226 1471 4294; x_wconf 88' lang='lat' dir='ltr'>Vestram</span> <span class='ocrx_word' id='word_1_307' title='bbox 1488 4228 1613 4296; x_wconf 89' lang='lat' dir='ltr'>Rmam.</span> 
     </span>
     <span class='ocr_line' id='line_1_36' title="bbox 245 4328 1616 4420; baseline 0.004 -24"><span class='ocrx_word' id='word_1_308' title='bbox 245 4329 510 4398; x_wconf 89' lang='lat' dir='ltr'>Dominatiouem</span> <span class='ocrx_word' id='word_1_309' title='bbox 535 4329 778 4420; x_wconf 87' lang='lat' dir='ltr'>compluresque</span> <span class='ocrx_word' id='word_1_310' title='bbox 805 4328 883 4397; x_wconf 80' lang='lat' dir='ltr'>alios</span> <span class='ocrx_word' id='word_1_311' title='bbox 911 4328 1086 4397; x_wconf 87' lang='lat' dir='ltr'>confratres</span> <span class='ocrx_word' id='word_1_312' title='bbox 1114 4342 1243 4397; x_wconf 90' lang='lat' dir='ltr'>nostros</span> <span class='ocrx_word' id='word_1_313' title='bbox 1271 4332 1420 4400; x_wconf 85' lang='lat' dir='ltr'>innoxios</span> <span class='ocrx_word' id='word_1_314' title='bbox 1448 4355 1616 4401; x_wconf 89' lang='lat' dir='ltr'>conserva·</span> 
     </span>
     <span class='ocr_line' id='line_1_37' title="bbox 246 4433 1615 4528; baseline 0.002 -26"><span class='ocrx_word' id='word_1_315' title='bbox 246 4437 334 4518; x_wconf 88' lang='lat' dir='ltr'>vetit,</span> <span class='ocrx_word' id='word_1_316' title='bbox 359 4434 476 4503; x_wconf 90' lang='lat' dir='ltr'>nullam</span> <span class='ocrx_word' id='word_1_317' title='bbox 500 4434 646 4525; x_wconf 91' lang='lat' dir='ltr'>profecto</span> <span class='ocrx_word' id='word_1_318' title='bbox 670 4434 762 4503; x_wconf 89' lang='lat' dir='ltr'>aliam</span> <span class='ocrx_word' id='word_1_319' title='bbox 786 4435 827 4503; x_wconf 92' lang='lat' dir='ltr'>ob</span> <span class='ocrx_word' id='word_1_320' title='bbox 852 4458 979 4503; x_wconf 88' lang='lat' dir='ltr'>causam</span> <span class='ocrx_word' id='word_1_321' title='bbox 1002 4433 1034 4502; x_wconf 95' lang='lat' dir='ltr'>id</span> <span class='ocrx_word' id='word_1_322' title='bbox 1049 4433 1168 4503; x_wconf 90' lang='lat' dir='ltr'>factum</span> <span class='ocrx_word' id='word_1_323' title='bbox 1192 4437 1445 4525; x_wconf 88' lang='lat' dir='ltr'>interpretamur,</span> <span class='ocrx_word' id='word_1_324' title='bbox 1469 4461 1564 4528; x_wconf 94' lang='lat' dir='ltr'>quam</span> <span class='ocrx_word' id='word_1_325' title='bbox 1580 4450 1615 4506; x_wconf 92' lang='lat' dir='ltr'>ut</span> 
     </span>
     <span class='ocr_line' id='line_1_38' title="bbox 246 4539 1615 4630; baseline 0.001 -21"><span class='ocrx_word' id='word_1_326' title='bbox 246 4543 393 4630; x_wconf 89' lang='lat' dir='ltr'>pietatem</span> <span class='ocrx_word' id='word_1_327' title='bbox 417 4554 558 4611; x_wconf 89' lang='lat' dir='ltr'>nostram</span> <span class='ocrx_word' id='word_1_328' title='bbox 584 4543 771 4610; x_wconf 83' lang='lat' dir='ltr'>christianae</span> <span class='ocrx_word' id='word_1_329' title='bbox 797 4540 943 4630; x_wconf 88' lang='lat' dir='ltr'>religioni</span> <span class='ocrx_word' id='word_1_330' title='bbox 973 4559 1004 4608; x_wconf 92' lang='lat' dir='ltr'>et</span> <span class='ocrx_word' id='word_1_331' title='bbox 1032 4539 1169 4609; x_wconf 90' lang='lat' dir='ltr'>debitam</span> <span class='ocrx_word' id='word_1_332' title='bbox 1194 4542 1400 4610; x_wconf 88' lang='lat' dir='ltr'>Sanctissimo</span> <span class='ocrx_word' id='word_1_333' title='bbox 1424 4542 1464 4611; x_wconf 89' lang='lat' dir='ltr'>D.</span> <span class='ocrx_word' id='word_1_334' title='bbox 1488 4545 1530 4611; x_wconf 89' lang='lat' dir='ltr'>N.</span> <span class='ocrx_word' id='word_1_335' title='bbox 1559 4543 1615 4611; x_wconf 94' lang='lat' dir='ltr'>ob·</span> 
     </span>
     <span class='ocr_line' id='line_1_39' title="bbox 246 4647 1614 4737; baseline 0.001 -21"><span class='ocrx_word' id='word_1_336' title='bbox 246 4650 435 4718; x_wconf 88' lang='lat' dir='ltr'>servantiam</span> <span class='ocrx_word' id='word_1_337' title='bbox 458 4672 554 4732; x_wconf 91' lang='lat' dir='ltr'>nunc,</span> <span class='ocrx_word' id='word_1_338' title='bbox 577 4648 655 4716; x_wconf 85' lang='lat' dir='ltr'>dum</span> <span class='ocrx_word' id='word_1_339' title='bbox 678 4650 816 4716; x_wconf 84' lang='lat' dir='ltr'>maxime</span> <span class='ocrx_word' id='word_1_340' title='bbox 838 4671 890 4716; x_wconf 87' lang='lat' dir='ltr'>res</span> <span class='ocrx_word' id='word_1_341' title='bbox 912 4659 1020 4735; x_wconf 90' lang='lat' dir='ltr'>urget,</span> <span class='ocrx_word' id='word_1_342' title='bbox 1050 4647 1156 4736; x_wconf 85' lang='lat' dir='ltr'>aliquo</span> <span class='ocrx_word' id='word_1_343' title='bbox 1184 4647 1292 4716; x_wconf 89' lang='lat' dir='ltr'>officio</span> <span class='ocrx_word' id='word_1_344' title='bbox 1321 4647 1614 4737; x_wconf 89' lang='lat' dir='ltr'>comprobaremus.</span> 
     </span>
     <span class='ocr_line' id='line_1_40' title="bbox 248 4752 1616 4845; baseline -0.001 -21"><span class='ocrx_word' id='word_1_345' title='bbox 248 4754 423 4824; x_wconf 88' lang='lat' dir='ltr'>Communi</span> <span class='ocrx_word' id='word_1_346' title='bbox 451 4756 554 4845; x_wconf 86' lang='lat' dir='ltr'>itaque</span> <span class='ocrx_word' id='word_1_347' title='bbox 583 4778 619 4823; x_wconf 91' lang='lat' dir='ltr'>ac</span> <span class='ocrx_word' id='word_1_348' title='bbox 647 4768 773 4823; x_wconf 89' lang='lat' dir='ltr'>maturo</span> <span class='ocrx_word' id='word_1_349' title='bbox 802 4753 936 4822; x_wconf 91' lang='lat' dir='ltr'>consilio</span> <span class='ocrx_word' id='word_1_350' title='bbox 965 4752 1006 4821; x_wconf 91' lang='lat' dir='ltr'>de</span> <span class='ocrx_word' id='word_1_351' title='bbox 1032 4765 1083 4822; x_wconf 88' lang='lat' dir='ltr'>tot</span> <span class='ocrx_word' id='word_1_352' title='bbox 1109 4753 1290 4843; x_wconf 89' lang='lat' dir='ltr'>reparandis</span> <span class='ocrx_word' id='word_1_353' title='bbox 1319 4754 1423 4837; x_wconf 90' lang='lat' dir='ltr'>malis,</span> <span class='ocrx_word' id='word_1_354' title='bbox 1453 4753 1493 4822; x_wconf 89' lang='lat' dir='ltr'>de</span> <span class='ocrx_word' id='word_1_355' title='bbox 1520 4755 1616 4823; x_wconf 89' lang='lat' dir='ltr'>Sanc-</span> 
     </span>
     <span class='ocr_line' id='line_1_41' title="bbox 247 4857 1615 4950; baseline -0.001 -21"><span class='ocrx_word' id='word_1_356' title='bbox 247 4862 369 4929; x_wconf 89' lang='lat' dir='ltr'>tissimo</span> <span class='ocrx_word' id='word_1_357' title='bbox 407 4861 449 4928; x_wconf 93' lang='lat' dir='ltr'>D.</span> <span class='ocrx_word' id='word_1_358' title='bbox 483 4861 541 4945; x_wconf 90' lang='lat' dir='ltr'>N.,</span> <span class='ocrx_word' id='word_1_359' title='bbox 579 4863 646 4929; x_wconf 89' lang='lat' dir='ltr'>iure</span> <span class='ocrx_word' id='word_1_360' title='bbox 679 4859 820 4950; x_wconf 82' lang='lat' dir='ltr'>quodam</span> <span class='ocrx_word' id='word_1_361' title='bbox 857 4882 990 4928; x_wconf 89' lang='lat' dir='ltr'>suorum</span> <span class='ocrx_word' id='word_1_362' title='bbox 1024 4858 1225 4928; x_wconf 86' lang='lat' dir='ltr'>cardinalium</span> <span class='ocrx_word' id='word_1_363' title='bbox 1260 4857 1357 4927; x_wconf 89' lang='lat' dir='ltr'>fidem</span> <span class='ocrx_word' id='word_1_364' title='bbox 1391 4872 1484 4949; x_wconf 90' lang='lat' dir='ltr'>atque</span> <span class='ocrx_word' id='word_1_365' title='bbox 1518 4884 1615 4948; x_wconf 89' lang='lat' dir='ltr'>opem</span> 
     </span>
     <span class='ocr_line' id='line_1_42' title="bbox 248 4964 1614 5056; baseline -0.001 -22"><span class='ocrx_word' id='word_1_366' title='bbox 248 4978 450 5056; x_wconf 84' lang='lat' dir='ltr'>exposcente,</span> <span class='ocrx_word' id='word_1_367' title='bbox 473 4966 652 5050; x_wconf 91' lang='lat' dir='ltr'>liberando,</span> <span class='ocrx_word' id='word_1_368' title='bbox 675 4966 778 5056; x_wconf 89' lang='lat' dir='ltr'>deque</span> <span class='ocrx_word' id='word_1_369' title='bbox 800 4990 856 5035; x_wconf 91' lang='lat' dir='ltr'>sua</span> <span class='ocrx_word' id='word_1_370' title='bbox 879 4965 1029 5035; x_wconf 89' lang='lat' dir='ltr'>ecclesiae</span> <span class='ocrx_word' id='word_1_371' title='bbox 1053 4964 1205 5055; x_wconf 86' lang='lat' dir='ltr'>dignitate</span> <span class='ocrx_word' id='word_1_372' title='bbox 1228 4965 1410 5049; x_wconf 89' lang='lat' dir='ltr'>asserenda,</span> <span class='ocrx_word' id='word_1_373' title='bbox 1434 4968 1614 5056; x_wconf 89' lang='lat' dir='ltr'>priusquam</span> 
     </span>
    </p>

    <p class='ocr_par' dir='ltr' id='par_1_5' title="bbox 1486 5092 1508 5137">
     <span class='ocr_line' id='line_1_43' title="bbox 1486 5092 1508 5137; baseline 0 -26"><span class='ocrx_word' id='word_1_374' title='bbox 1486 5092 1508 5137; x_wconf 51' lang='grc' dir='ltr'>ι.</span> 
     </span>
    </p>
   </div>
   <div class='ocr_carea' id='block_1_5' title="bbox 0 0 1926 5592">
    <p class='ocr_par' dir='ltr' id='par_1_6' title="bbox 0 0 1926 5592">
     <span class='ocr_line' id='line_1_44' title="bbox 0 0 1926 5592; baseline 0 0"><span class='ocrx_word' id='word_1_375' title='bbox 0 0 1926 5592; x_wconf 95' lang='lat' dir='ltr'> </span> 
     </span>
    </p>
   </div>
  </div>
 </body>
</html>
