3820 5592
241 382 306 450 1528
323 380 405 452 April.
1565 364 1604 425 27

338 540 407 594 liche
425 540 636 611 Gesetzgebung
658 539 730 593 noch
748 539 821 593 nicht
844 538 997 593 entwiclrelt
1014 556 1079 605 war,
1098 537 1245 604 abweiche‚
1269 554 1316 591 aus
1335 535 1382 593 der
1395 536 1604 606 Versicherung,

339 627 394 683 dass
407 626 547 682 Veriasser
565 627 633 681 auch
654 627 697 681 die
720 627 961 699 Rechtsgelehrten
984 626 1047 681 sehr
1071 624 1213 697 sorgialtig
1236 643 1267 679 zu
1290 625 1357 679 Rate
1381 641 1505 697 gezogen
1529 623 1606 690 habe,

340 716 537 771 unzweifelhall
556 715 729 787 hervorgeht.
759 715 851 787 Vergl.
870 715 975 788 Strype,
995 733 1019 786 p.
1040 730 1081 783 75,
1101 715 1206 779 82-84
1224 731 1249 768 u.
1263 731 1284 768 s.
1297 733 1332 767 w.
1369 714 1400 767 ln
1418 714 1526 767 meinen
1539 711 1605 765 Auf-

340 809 430 859 sitzen
449 804 513 858 iiber
532 803 574 857 die
593 803 740 876 papstliche
759 803 909 870 Dehretale,
930 803 1027 858 Histor.
1046 802 1135 874 Jahrb.
1153 804 1228 869 1888,
1247 803 1274 856 S.
1294 817 1343 871 217
1359 801 1376 856 s.
1396 801 1465 855 habe
1484 801 1526 854 ich
1545 817 1604 854 aus·

340 892 482 947 lbhrlicher
507 892 572 947 uber
597 891 755 963 Bedeutung
778 890 832 945 und
850 892 1083 961 Zusammenhang
1108 890 1155 944 des
1174 890 1285 944 Stirclres
1304 887 1460 961 gehandelt,
1484 888 1606 942 dasselbe

339 981 401 1036 aber
419 980 565 1036 irrtumlich
583 980 645 1034 dem
663 979 777 1034 Auditor
795 980 944 1034 Simonetta
962 979 1179 1051 zugeschrieben.
1210 978 1441 1032 Wahrscheinlich
1459 977 1526 1031 wird
1543 993 1606 1030 man

338 1069 399 1124 dem
425 1079 579 1142 genannten
604 1068 729 1124 Kardinal
753 1085 808 1124 von
826 1069 900 1123 Santi
919 1077 1023 1141 quattro
1048 1069 1117 1123 auch
1135 1067 1178 1121 die
1196 1065 1419 1138 vorhergehende
1436 1065 1489 1120 'Nn
1510 1081 1542 1137 19
1561 1083 1606 1118 zu-

338 1158 419 1212 teilen
438 1163 555 1212 mussen.
588 1157 679 1229 Vergl.
699 1157 833 1229 Jahrbuch
851 1157 877 1212 S.
897 1158 982 1228 231l2·

443 1245 498 1300 Das
517 1245 733 1317 englischerseits
752 1246 910 1317 vorgelegte
924 1247 1005 1313 Buch,
1024 1263 1079 1299 von
1091 1244 1225 1299 welchem
1238 1244 1317 1297 Pucci
1336 1242 1443 1315 spricht,
1463 1241 1496 1295 ist
1516 1239 1605 1311 jeden·

337 1333 396 1388 falls
415 1333 462 1388 das
476 1334 551 1388 Buch
563 1334 703 1388 Heinrichs
716 1334 787 1388 VIll.
807 1334 897 1401 selbst,
917 1333 1035 1388 welches
1049 1332 1180 1387 Gardiner
1194 1331 1247 1386 und
1260 1331 1315 1385 Fox
1334 1330 1397 1385 dem
1411 1330 1507 1401 Papste
1527 1330 1603 1383 iiber·-

337 1422 464 1477 reiehten.
501 1422 606 1495 Strype,
631 1437 672 1492 72,
692 1437 734 1492 75,
757 1422 846 1494 Jahrb.
867 1422 932 1493 236;
960 1423 996 1476 im
1015 1422 1094 1494 Jahre
1116 1437 1191 1492 1530,
1215 1420 1346 1475 nachdem
1368 1419 1425 1473 sich
1448 1418 1495 1472 der
1513 1418 1604 1489 Konig

338 1509 420 1565 durch
433 1510 502 1564 Geld
521 1510 574 1565 und
587 1511 638 1565 alle
651 1510 767 1565 anderen
786 1511 842 1566 ihm
855 1528 887 1565 zu
900 1511 1006 1565 Gebote
1025 1510 1174 1565 stehenden
1185 1508 1271 1564 Mittel
1291 1507 1439 1562 zahlreiche
1453 1507 1605 1562 Gutachten

337 1616 391 1653 von
409 1599 609 1654 Universita'rten
632 1599 686 1654 und
704 1599 852 1654 Gelehrten
870 1598 1013 1655 verschafft
1036 1600 1123 1666 hatte,
1142 1597 1201 1653 liess
1220 1614 1249 1653 er
1270 1597 1335 1652 alles
1353 1593 1606 1651 zusammenstellen

337 1686 391 1741 und
414 1688 472 1742 sein
496 1688 571 1742 Buch
596 1687 720 1742 druclren.
756 1687 818 1742 Den
837 1688 908 1743 Titel
934 1706 955 1742 s.
982 1687 1008 1742 in
1032 1687 1079 1742 der
1096 1687 1224 1759 Ausgabe
1248 1687 1360 1741 Burnets
1379 1702 1433 1739 von
1458 1682 1566 1738 Pocock
1584 1682 1605 1738 1.

340 1776 388 1830 166
406 1775 487 1830 Anm.

441 1864 493 1918 Die
512 1865 630 1936 Sprache
648 1866 676 1919 irr
694 1865 756 1918 dem
775 1863 899 1919 Reserate
918 1865 1011 1919 Puccis
1030 1865 1064 1919 ist
1083 1865 1156 1919 nicht
1174 1864 1270 1917 immet
1288 1880 1356 1934 ganz
1375 1860 1488 1927 lrorrelrt,
1507 1860 1534 1913 in
1553 1857 1605 1913 den

336 1950 532 2007 Schlusssitzen
550 1969 632 2024 sogar
651 1962 735 2007 etwas
755 1953 983 2019 unverstdndlich3
1008 1953 1051 2007 die
1070 1952 1168 2007 Schnld
1187 1968 1251 2024 mag
1269 1968 1330 2005 zum
1343 1949 1403 2004 Teil
1422 1967 1456 2003 an
1474 1948 1536 2002 dem
1549 1948 1604 2002 Ab·

335 2039 470 2094 schreiber
488 2040 585 2112 liegen.

664 2286 845 2355 Consilium
868 2285 1003 2355 Oldradi
1027 2287 1168 2356 CCLVI.

338 2425 443 2496 Senten(
460 2428 527 2481 eines
545 2429 643 2482 dlteren
661 2427 819 2482 Kaunnisten
837 2446 884 2499 zur
902 2428 988 2501 Frage
1005 2429 1052 2482 der
1073 2427 1216 2501 Gultiglrer't
1233 2447 1285 2483 von
1304 2429 1494 2501 Ehedispensen.

335 2549 427 2618 Pater
453 2561 571 2619 sancte.
618 2552 713 2619 Mitto
742 2550 855 2619 librum
879 2551 1086 2620 consiliorum
1110 2551 1259 2635 Oldradi,
1288 2550 1338 2619 nbi
1366 2550 1503 2640 disputat
1530 2572 1604 2639 qua-

232 2675 304 2724 tuor
318 2654 477 2738 articulos,
501 2675 532 2724 et
555 2656 675 2745 primus
698 2670 746 2725 est
768 2657 849 2725 bene
873 2656 1122 2726 considerandus
1137 2681 1156 2725 a
1171 2658 1342 2727 Sanctitate
1359 2658 1484 2739 Vestra,
1507 2679 1604 2746 quem

232 2759 381 2851 disputat,
405 2759 551 2830 videlicet
574 2787 614 2830 an
637 2762 713 2831 falsa
736 2786 828 2831 cansa
851 2787 997 2853 expressa
1025 2765 1057 2831 in
1081 2763 1191 2833 litteris
1214 2763 1455 2833 matrimonialis
1478 2761 1603 2850 dispen-

231 2869 371 2951 sationis,
394 2892 474 2958 quae
489 2870 594 2957 potnit
609 2893 741 2938 movere
764 2894 821 2938 seu
836 2870 998 2959 impellere
1013 2871 1130 2959 Papam
1154 2868 1194 2938 ad
1209 2868 1468 2960 dispensandum,
1492 2867 1604 2937 habeat

230 2974 339 3041 vitiare
361 2973 649 3064 dispensationem3
683 2988 716 3044 et
742 2977 847 3066 primo
875 2978 992 3065 arguit,
1022 2975 1109 3067 quod
1139 3000 1221 3061 non,
1251 2996 1282 3044 et
1305 2988 1417 3066 postea
1440 2972 1603 3044 concludit

231 3082 438 3164 contrarium,
469 3079 579 3150 dicens
606 3081 731 3151 adhoc
762 3081 1020 3151 concludendum
1049 3082 1170 3166 induci,
1202 3082 1289 3173 quod
1317 3081 1510 3171 dispensatio
1535 3078 1603 3148 fieri

230 3184 418 3254 debetcum
443 3209 549 3269 causa,
578 3211 651 3255 cnm
676 3212 744 3256 non
766 3189 807 3257 sit
829 3188 1014 3272 verisimile,
1042 3189 1160 3278 Papam
1183 3191 1261 3257 iuria
1290 3190 1475 3258 communia
1503 3200 1603 3256 trans-

230 3291 319 3381 gredi
334 3292 415 3361 velle
438 3294 507 3362 sine
523 3317 615 3360 causa
637 3294 813 3363 rationabili
837 3307 869 3363 et
892 3295 1083 3385 dispensare,
1107 3307 1139 3363 et
1161 3295 1235 3365 ideo
1252 3295 1304 3363 nbi
1326 3295 1396 3364 talis
1416 3316 1517 3378 causa,
1541 3317 1602 3384 qua

231 3422 297 3466 non
320 3398 510 3468 subsistente
538 3398 720 3468 concedens
747 3424 816 3469 non
840 3421 923 3470 esset
952 3402 1026 3470 alias
1049 3425 1275 3486 concessurus,
1302 3413 1379 3470 tunc
1407 3401 1481 3469 falsa
1510 3423 1603 3468 causa

232 3506 475 3575 concessionem
497 3507 595 3574 vitiat.
641 3508 680 3574 Et
702 3509 774 3597 quia
800 3509 832 3575 in
856 3506 1130 3597 dispensationum
1157 3507 1446 3598 impetrationibus,
1472 3508 1601 3575 cumin

232 3612 275 3678 eis
298 3612 338 3679 sit
360 3613 435 3680 iuris
459 3614 641 3680 communis
663 3613 824 3697 relaxatio,
847 3614 924 3682 nihil
948 3613 1044 3684 debet
1066 3614 1178 3682 falsum
1201 3616 1335 3704 exprimi
1357 3615 1407 3684 vel
1422 3637 1534 3682 verum
1557 3633 1602 3681 ta·

231 3719 303 3801 ceri,
328 3729 360 3785 et
383 3716 456 3785 ideo
479 3719 506 3785 si
524 3720 639 3808 scripta
661 3743 866 3810 quaecunque
888 3720 1065 3790 seeundum
1088 3722 1137 3790 ius
1159 3745 1333 3790 commune
1357 3744 1395 3789 ex
1418 3718 1601 3789 huiusmodi

232 3824 433 3911 expressione
463 3824 514 3893 vel
543 3827 767 3914 suppressione
796 3827 956 3911 vitiantur,
989 3839 1108 3917 quanto
1138 3828 1239 3915 magis
1271 3826 1539 3917 dispensationes,
1567 3827 1601 3894 in

231 3927 342 4016 quibus
356 3929 584 4017 praeiudicium
599 3932 748 4016 vertitur;
780 3951 812 4000 et
835 3957 874 4001 ex
896 3933 963 4001 istis
986 3934 1140 4001 Sanctitas
1156 3935 1270 4001 Vestra
1293 3945 1480 4022 cognoscet,
1504 3933 1531 4000 si
1545 3955 1602 3999 vo-

232 4031 334 4102 lumus
356 4037 445 4125 sequi
469 4037 525 4104 ista
548 4035 630 4105 dicta
646 4036 791 4121 Oldradi,
814 4041 868 4129 qni
891 4038 949 4108 fuit
971 4063 1107 4128 magnae
1130 4040 1326 4108 authoritatis
1350 4059 1382 4108 et
1405 4063 1472 4107 non
1492 4037 1602 4106 fundat

231 4164 265 4208 se
287 4141 319 4209 in
335 4142 394 4226 his,
418 4166 498 4232 quae
521 4142 693 4232 allegantur
716 4156 748 4212 et
770 4168 826 4234 per
842 4144 1031 4213 cardinalem
1055 4144 1095 4215 de
1110 4147 1225 4214 Monte
1248 4158 1280 4215 et
1302 4145 1491 4229 auditorem,
1516 4143 1601 4235 quod

231 4248 271 4315 sit
289 4247 464 4318 differentia
487 4250 569 4318 inter
584 4250 855 4339 dispensationem
878 4250 1096 4321 beneficialem
1120 4265 1152 4321 et
1174 4251 1452 4335 matrimonialem,
1476 4250 1532 4320 sed
1549 4274 1601 4318 ex·

232 4376 337 4441 presse
359 4366 463 4438 tenet,
491 4354 580 4444 quod
603 4358 763 4445 expressio
786 4355 880 4426 falsae
908 4381 1018 4426 causae
1040 4359 1092 4428 vel
1119 4360 1300 4449 suppressio
1328 4383 1385 4427 seu
1406 4357 1601 4426 taciturnitas

233 4458 272 4527 ita
294 4461 384 4528 vitiet
406 4459 677 4549 dispensationem
699 4462 965 4533 matrimonialem
989 4466 1070 4533 sicut
1093 4464 1320 4548 beneficialem,
1343 4464 1401 4533 sed
1423 4462 1532 4532 fundat
1555 4486 1600 4546 se,

233 4564 318 4655 qnod
332 4567 414 4633 sicut
435 4567 469 4633 in
484 4590 558 4650 una,
580 4569 622 4636 ita
644 4580 676 4636 et
697 4571 730 4636 in
747 4569 868 4639 aliaest
891 4571 966 4638 iuris
982 4572 1163 4640 communis
1185 4571 1345 4652 relaxatio,
1368 4568 1601 4658 propterquod

233 4671 308 4739 nihil
331 4670 426 4740 debet
447 4670 559 4740 falsum
583 4675 725 4763 exprimi,
748 4676 799 4744 vel
821 4700 932 4744 verum
956 4678 1061 4745 taceri.
1099 4677 1197 4746 Volui
1219 4676 1297 4744 haec
1320 4674 1466 4756 scribere,
1489 4685 1524 4741 ut
1547 4673 1600 4742 de

233 4776 347 4847 clarem
369 4789 513 4846 mentem
534 4778 667 4848 Oldradi
691 4794 722 4850 et
745 4782 898 4852 Sanctitas
914 4785 1029 4853 Vestra
1050 4782 1164 4852 melius
1186 4784 1287 4872 possit
1308 4778 1508 4849 considerare
1533 4780 1599 4847 eius

232 4882 429 4953 decisionem
451 4908 546 4974 super
569 4885 632 4955 hoc
654 4889 796 4972 articulo,
825 4913 905 4979 quae
928 4901 976 4959 est
999 4888 1038 4957 de
1061 4888 1183 4958 directo
1207 4899 1318 4957 contra
1340 4910 1391 4969 ea,
1421 4908 1501 4975 qnae
1524 4886 1599 4956 dicit

232 4989 396 5058 cardinalis
420 5002 451 5059 et
473 4990 597 5059 auditor
619 4994 808 5065 Simonetta.
