<?xml version="1.0" encoding="UTF-8"?>
<!DOCTYPE html PUBLIC "-//W3C//DTD XHTML 1.0 Transitional//EN"
    "http://www.w3.org/TR/xhtml1/DTD/xhtml1-transitional.dtd">
<html xmlns="http://www.w3.org/1999/xhtml" xml:lang="en" lang="en">
 <head>
  <title>
</title>
<meta http-equiv="Content-Type" content="text/html;charset=utf-8" />
  <meta name='ocr-system' content='tesseract 3.04.00' />
  <meta name='ocr-capabilities' content='ocr_page ocr_carea ocr_par ocr_line ocrx_word'/>
</head>
<body>
  <div class='ocr_page' id='page_1' title='image "./rmischedokument01ehsegoog_0297.png"; bbox 0 0 3802 5606; ppageno 0'>
   <div class='ocr_carea' id='block_1_1' title="bbox 241 360 1609 441">
    <p class='ocr_par' dir='ltr' id='par_1_1' title="bbox 241 360 1609 441">
     <span class='ocr_line' id='line_1_1' title="bbox 241 360 1609 441; baseline -0.002 -16"><span class='ocrx_word' id='word_1_1' title='bbox 241 372 312 425; x_wconf 82' lang='lat' dir='ltr'>Felix</span> <span class='ocrx_word' id='word_1_2' title='bbox 331 388 384 425; x_wconf 86' lang='lat' dir='ltr'>von</span> <span class='ocrx_word' id='word_1_3' title='bbox 404 372 483 425; x_wconf 85' lang='lat' dir='ltr'>Prato</span> <span class='ocrx_word' id='word_1_4' title='bbox 502 372 567 425; x_wconf 80' lang='lat' dir='ltr'>[tber</span> <span class='ocrx_word' id='word_1_5' title='bbox 585 372 626 424; x_wconf 90' lang='lat' dir='ltr'>die</span> <span class='ocrx_word' id='word_1_6' title='bbox 647 371 740 441; x_wconf 71' lang='lat' dir='ltr'>papstl.</span> <span class='ocrx_word' id='word_1_7' title='bbox 761 371 985 441; x_wconf 85' lang='lat' dir='ltr'>Dispensgewalt.</span> <span class='ocrx_word' id='word_1_8' title='bbox 1546 360 1609 422; x_wconf 77' lang='grc'>245</span> 
     </span>
    </p>
   </div>
   <div class='ocr_carea' id='block_1_2' title="bbox 239 527 1611 1345">
    <p class='ocr_par' dir='ltr' id='par_1_2' title="bbox 239 527 1611 1345">
     <span class='ocr_line' id='line_1_2' title="bbox 241 527 1610 619; baseline 0.001 -20"><span class='ocrx_word' id='word_1_9' title='bbox 241 532 383 600; x_wconf 89' lang='lat' dir='ltr'>continet</span> <span class='ocrx_word' id='word_1_10' title='bbox 407 531 675 619; x_wconf 88' lang='lat' dir='ltr'>consanguineos,</span> <span class='ocrx_word' id='word_1_11' title='bbox 707 553 768 597; x_wconf 89' lang='lat' dir='ltr'>una</span> <span class='ocrx_word' id='word_1_12' title='bbox 793 531 878 598; x_wconf 85' lang='lat' dir='ltr'>eninr</span> <span class='ocrx_word' id='word_1_13' title='bbox 903 543 976 599; x_wconf 90' lang='lat' dir='ltr'>sunt</span> <span class='ocrx_word' id='word_1_14' title='bbox 1001 554 1084 599; x_wconf 87' lang='lat' dir='ltr'>caru.</span> <span class='ocrx_word' id='word_1_15' title='bbox 1133 530 1220 614; x_wconf 92' lang='lat' dir='ltr'>Quid</span> <span class='ocrx_word' id='word_1_16' title='bbox 1250 528 1289 598; x_wconf 92' lang='lat' dir='ltr'>de</span> <span class='ocrx_word' id='word_1_17' title='bbox 1314 527 1451 599; x_wconf 91' lang='lat' dir='ltr'>duorum</span> <span class='ocrx_word' id='word_1_18' title='bbox 1480 531 1610 601; x_wconf 80' lang='lat' dir='ltr'>fratrum</span> 
     </span>
     <span class='ocr_line' id='line_1_3' title="bbox 241 636 1610 728; baseline -0.001 -21"><span class='ocrx_word' id='word_1_19' title='bbox 241 638 321 722; x_wconf 90' lang='lat' dir='ltr'>filiis,</span> <span class='ocrx_word' id='word_1_20' title='bbox 346 661 432 706; x_wconf 88' lang='lat' dir='ltr'>mare</span> <span class='ocrx_word' id='word_1_21' title='bbox 456 636 602 705; x_wconf 89' lang='lat' dir='ltr'>videlicet</span> <span class='ocrx_word' id='word_1_22' title='bbox 626 650 657 705; x_wconf 90' lang='lat' dir='ltr'>et</span> <span class='ocrx_word' id='word_1_23' title='bbox 680 636 812 719; x_wconf 88' lang='lat' dir='ltr'>femina,</span> <span class='ocrx_word' id='word_1_24' title='bbox 843 649 874 705; x_wconf 93' lang='lat' dir='ltr'>et</span> <span class='ocrx_word' id='word_1_25' title='bbox 896 636 997 706; x_wconf 87' lang='lat' dir='ltr'>fratris</span> <span class='ocrx_word' id='word_1_26' title='bbox 1026 637 1089 705; x_wconf 85' lang='lat' dir='ltr'>filia</span> <span class='ocrx_word' id='word_1_27' title='bbox 1117 663 1190 706; x_wconf 90' lang='lat' dir='ltr'>cum</span> <span class='ocrx_word' id='word_1_28' title='bbox 1214 651 1342 726; x_wconf 90' lang='lat' dir='ltr'>patruo,</span> <span class='ocrx_word' id='word_1_29' title='bbox 1371 661 1508 728; x_wconf 92' lang='lat' dir='ltr'>quorum</span> <span class='ocrx_word' id='word_1_30' title='bbox 1534 661 1610 706; x_wconf 91' lang='lat' dir='ltr'>con-</span> 
     </span>
     <span class='ocr_line' id='line_1_4' title="bbox 241 742 1610 834; baseline -0.001 -22"><span class='ocrx_word' id='word_1_31' title='bbox 241 747 328 834; x_wconf 90' lang='lat' dir='ltr'>iugio</span> <span class='ocrx_word' id='word_1_32' title='bbox 351 746 399 813; x_wconf 91' lang='lat' dir='ltr'>ius</span> <span class='ocrx_word' id='word_1_33' title='bbox 421 743 503 812; x_wconf 88' lang='lat' dir='ltr'>favet</span> <span class='ocrx_word' id='word_1_34' title='bbox 527 742 691 811; x_wconf 84' lang='lat' dir='ltr'>divinum?</span> <span class='ocrx_word' id='word_1_35' title='bbox 714 743 822 811; x_wconf 93' lang='lat' dir='ltr'>Plures</span> <span class='ocrx_word' id='word_1_36' title='bbox 846 755 950 811; x_wconf 90' lang='lat' dir='ltr'>autem</span> <span class='ocrx_word' id='word_1_37' title='bbox 975 746 1115 832; x_wconf 89' lang='lat' dir='ltr'>accipere</span> <span class='ocrx_word' id='word_1_38' title='bbox 1134 767 1258 826; x_wconf 79' lang='lat' dir='ltr'>uxores,</span> <span class='ocrx_word' id='word_1_39' title='bbox 1283 767 1393 812; x_wconf 88' lang='lat' dir='ltr'>usurae</span> <span class='ocrx_word' id='word_1_40' title='bbox 1414 757 1520 813; x_wconf 89' lang='lat' dir='ltr'>actum</span> <span class='ocrx_word' id='word_1_41' title='bbox 1537 768 1610 812; x_wconf 86' lang='lat' dir='ltr'>cunr</span> 
     </span>
     <span class='ocr_line' id='line_1_5' title="bbox 240 849 1611 942; baseline -0.001 -23"><span class='ocrx_word' id='word_1_42' title='bbox 240 853 353 942; x_wconf 89' lang='lat' dir='ltr'>quovis</span> <span class='ocrx_word' id='word_1_43' title='bbox 378 873 534 932; x_wconf 84' lang='lat' dir='ltr'>exercere,</span> <span class='ocrx_word' id='word_1_44' title='bbox 558 849 669 918; x_wconf 82' lang='lat' dir='ltr'>odiunt</span> <span class='ocrx_word' id='word_1_45' title='bbox 693 851 898 918; x_wconf 92' lang='lat' dir='ltr'>inimicorum</span> <span class='ocrx_word' id='word_1_46' title='bbox 922 863 1015 940; x_wconf 88' lang='lat' dir='ltr'>atque</span> <span class='ocrx_word' id='word_1_47' title='bbox 1047 863 1149 919; x_wconf 89' lang='lat' dir='ltr'>cetera</span> <span class='ocrx_word' id='word_1_48' title='bbox 1178 852 1245 918; x_wconf 90' lang='lat' dir='ltr'>eius</span> <span class='ocrx_word' id='word_1_49' title='bbox 1275 849 1468 918; x_wconf 87' lang='lat' dir='ltr'>conditionis</span> <span class='ocrx_word' id='word_1_50' title='bbox 1492 850 1611 919; x_wconf 86' lang='lat' dir='ltr'><strong>Christi</strong></span> 
     </span>
     <span class='ocr_line' id='line_1_6' title="bbox 240 955 1611 1047; baseline 0 -23"><span class='ocrx_word' id='word_1_51' title='bbox 240 957 362 1046; x_wconf 91' lang='lat' dir='ltr'>religio,</span> <span class='ocrx_word' id='word_1_52' title='bbox 386 980 464 1047; x_wconf 90' lang='lat' dir='ltr'>quae</span> <span class='ocrx_word' id='word_1_53' title='bbox 482 955 704 1024; x_wconf 86' lang='lat' dir='ltr'>omnimodam</span> <span class='ocrx_word' id='word_1_54' title='bbox 721 957 920 1046; x_wconf 86' lang='lat' dir='ltr'>amplectitur</span> <span class='ocrx_word' id='word_1_55' title='bbox 935 957 1177 1045; x_wconf 85' lang='lat' dir='ltr'>perfectionem,</span> <span class='ocrx_word' id='word_1_56' title='bbox 1201 956 1324 1024; x_wconf 89' lang='lat' dir='ltr'>donans</span> <span class='ocrx_word' id='word_1_57' title='bbox 1340 958 1459 1023; x_wconf 90' lang='lat' dir='ltr'>maiora</span> <span class='ocrx_word' id='word_1_58' title='bbox 1475 957 1611 1024; x_wconf 88' lang='lat' dir='ltr'>iustitiae</span> 
     </span>
     <span class='ocr_line' id='line_1_7' title="bbox 241 1060 1610 1152; baseline 0 -22"><span class='ocrx_word' id='word_1_59' title='bbox 241 1075 404 1152; x_wconf 87' lang='lat' dir='ltr'>praecepta</span> <span class='ocrx_word' id='word_1_60' title='bbox 429 1063 615 1130; x_wconf 88' lang='lat' dir='ltr'>Christianis</span> <span class='ocrx_word' id='word_1_61' title='bbox 643 1062 819 1130; x_wconf 89' lang='lat' dir='ltr'>secundum</span> <span class='ocrx_word' id='word_1_62' title='bbox 848 1083 1032 1152; x_wconf 90' lang='lat' dir='ltr'>temporum</span> <span class='ocrx_word' id='word_1_63' title='bbox 1062 1060 1288 1144; x_wconf 90' lang='lat' dir='ltr'>differentiam,</span> <span class='ocrx_word' id='word_1_64' title='bbox 1317 1063 1453 1130; x_wconf 89' lang='lat' dir='ltr'>omnino</span> <span class='ocrx_word' id='word_1_65' title='bbox 1481 1063 1610 1150; x_wconf 84' lang='lat' dir='ltr'>respuit,</span> 
     </span>
     <span class='ocr_line' id='line_1_8' title="bbox 240 1167 1611 1260; baseline -0.002 -22"><span class='ocrx_word' id='word_1_66' title='bbox 240 1193 319 1260; x_wconf 89' lang='lat' dir='ltr'>quae</span> <span class='ocrx_word' id='word_1_67' title='bbox 341 1182 450 1238; x_wconf 90' lang='lat' dir='ltr'>tamen</span> <span class='ocrx_word' id='word_1_68' title='bbox 473 1181 564 1238; x_wconf 89' lang='lat' dir='ltr'>vetus</span> <span class='ocrx_word' id='word_1_69' title='bbox 587 1168 650 1259; x_wconf 92' lang='lat' dir='ltr'>(uti</span> <span class='ocrx_word' id='word_1_70' title='bbox 673 1169 790 1257; x_wconf 88' lang='lat' dir='ltr'>ignavo</span> <span class='ocrx_word' id='word_1_71' title='bbox 813 1168 939 1258; x_wconf 89' lang='lat' dir='ltr'>pecori)</span> <span class='ocrx_word' id='word_1_72' title='bbox 963 1168 1086 1237; x_wconf 91' lang='lat' dir='ltr'>Iudaeis</span> <span class='ocrx_word' id='word_1_73' title='bbox 1110 1168 1262 1257; x_wconf 87' lang='lat' dir='ltr'>praebens</span> <span class='ocrx_word' id='word_1_74' title='bbox 1291 1167 1438 1236; x_wconf 91' lang='lat' dir='ltr'>mandata</span> <span class='ocrx_word' id='word_1_75' title='bbox 1461 1167 1611 1237; x_wconf 90' lang='lat' dir='ltr'>concedit</span> 
     </span>
     <span class='ocr_line' id='line_1_9' title="bbox 239 1288 476 1345; baseline -0.008 0"><span class='ocrx_word' id='word_1_76' title='bbox 239 1288 476 1345; x_wconf 86' lang='lat' dir='ltr'>testamentum.</span> 
     </span>
    </p>
   </div>
   <div class='ocr_carea' id='block_1_3' title="bbox 240 1397 1613 3940">
    <p class='ocr_par' dir='ltr' id='par_1_3' title="bbox 240 1397 1613 3940">
     <span class='ocr_line' id='line_1_10' title="bbox 346 1397 1611 1490; baseline -0.002 -21"><span class='ocrx_word' id='word_1_77' title='bbox 346 1401 564 1469; x_wconf 88' lang='lat' dir='ltr'>Concedimus</span> <span class='ocrx_word' id='word_1_78' title='bbox 587 1400 728 1483; x_wconf 90' lang='lat' dir='ltr'>tandem,</span> <span class='ocrx_word' id='word_1_79' title='bbox 750 1422 954 1489; x_wconf 90' lang='lat' dir='ltr'>praeceptum</span> <span class='ocrx_word' id='word_1_80' title='bbox 978 1400 1108 1469; x_wconf 87' lang='lat' dir='ltr'>Levitici</span> <span class='ocrx_word' id='word_1_81' title='bbox 1132 1400 1252 1468; x_wconf 90' lang='lat' dir='ltr'>morale</span> <span class='ocrx_word' id='word_1_82' title='bbox 1276 1424 1345 1468; x_wconf 91' lang='lat' dir='ltr'>esse</span> <span class='ocrx_word' id='word_1_83' title='bbox 1370 1398 1444 1490; x_wconf 86' lang='lat' dir='ltr'>(etsi</span> <span class='ocrx_word' id='word_1_84' title='bbox 1461 1398 1555 1489; x_wconf 85' lang='lat' dir='ltr'>aliqui</span> <span class='ocrx_word' id='word_1_85' title='bbox 1571 1397 1611 1466; x_wconf 92' lang='lat' dir='ltr'>de</span> 
     </span>
     <span class='ocr_line' id='line_1_11' title="bbox 240 1505 1610 1598; baseline -0.001 -23"><span class='ocrx_word' id='word_1_86' title='bbox 240 1532 376 1577; x_wconf 91' lang='lat' dir='ltr'>numero</span> <span class='ocrx_word' id='word_1_87' title='bbox 398 1506 504 1576; x_wconf 89' lang='lat' dir='ltr'>dicant</span> <span class='ocrx_word' id='word_1_88' title='bbox 527 1506 748 1598; x_wconf 86' lang='lat' dir='ltr'>iudicialium),</span> <span class='ocrx_word' id='word_1_89' title='bbox 773 1507 828 1575; x_wconf 91' lang='lat' dir='ltr'>sed</span> <span class='ocrx_word' id='word_1_90' title='bbox 851 1505 1107 1596; x_wconf 90' lang='lat' dir='ltr'>intelligendum:</span> <span class='ocrx_word' id='word_1_91' title='bbox 1132 1509 1259 1575; x_wconf 90' lang='lat' dir='ltr'>vivente</span> <span class='ocrx_word' id='word_1_92' title='bbox 1283 1506 1377 1575; x_wconf 88' lang='lat' dir='ltr'>fratre</span> <span class='ocrx_word' id='word_1_93' title='bbox 1393 1507 1443 1574; x_wconf 90' lang='lat' dir='ltr'>vel</span> <span class='ocrx_word' id='word_1_94' title='bbox 1459 1505 1610 1574; x_wconf 87' lang='lat' dir='ltr'>defuncto</span> 
     </span>
     <span class='ocr_line' id='line_1_12' title="bbox 240 1612 1610 1704; baseline -0.003 -21"><span class='ocrx_word' id='word_1_95' title='bbox 240 1617 407 1704; x_wconf 85' lang='lat' dir='ltr'>superstite</span> <span class='ocrx_word' id='word_1_96' title='bbox 430 1615 530 1704; x_wconf 89' lang='lat' dir='ltr'>prole,</span> <span class='ocrx_word' id='word_1_97' title='bbox 553 1612 746 1702; x_wconf 90' lang='lat' dir='ltr'>reprimendi</span> <span class='ocrx_word' id='word_1_98' title='bbox 774 1626 850 1683; x_wconf 90' lang='lat' dir='ltr'>tunc</span> <span class='ocrx_word' id='word_1_99' title='bbox 878 1616 1032 1704; x_wconf 90' lang='lat' dir='ltr'>temporis</span> <span class='ocrx_word' id='word_1_100' title='bbox 1062 1613 1308 1682; x_wconf 85' lang='lat' dir='ltr'>cohabitantium</span> <span class='ocrx_word' id='word_1_101' title='bbox 1340 1615 1424 1702; x_wconf 88' lang='lat' dir='ltr'>pravi</span> <span class='ocrx_word' id='word_1_102' title='bbox 1454 1613 1610 1702; x_wconf 87' lang='lat' dir='ltr'>appetitus</span> 
     </span>
     <span class='ocr_line' id='line_1_13' title="bbox 240 1719 1610 1809; baseline -0.003 -19"><span class='ocrx_word' id='word_1_103' title='bbox 240 1745 341 1790; x_wconf 91' lang='lat' dir='ltr'>causa.</span> <span class='ocrx_word' id='word_1_104' title='bbox 381 1722 561 1789; x_wconf 88' lang='lat' dir='ltr'>Annuintus</span> <span class='ocrx_word' id='word_1_105' title='bbox 585 1722 757 1809; x_wconf 90' lang='lat' dir='ltr'>coniugem</span> <span class='ocrx_word' id='word_1_106' title='bbox 780 1745 876 1789; x_wconf 88' lang='lat' dir='ltr'>unam</span> <span class='ocrx_word' id='word_1_107' title='bbox 894 1745 962 1789; x_wconf 88' lang='lat' dir='ltr'>esse</span> <span class='ocrx_word' id='word_1_108' title='bbox 986 1745 1113 1789; x_wconf 90' lang='lat' dir='ltr'>carnem</span> <span class='ocrx_word' id='word_1_109' title='bbox 1138 1744 1209 1789; x_wconf 84' lang='lat' dir='ltr'>cunr</span> <span class='ocrx_word' id='word_1_110' title='bbox 1226 1721 1307 1803; x_wconf 90' lang='lat' dir='ltr'>viro,</span> <span class='ocrx_word' id='word_1_111' title='bbox 1333 1743 1430 1787; x_wconf 89' lang='lat' dir='ltr'>unum</span> <span class='ocrx_word' id='word_1_112' title='bbox 1454 1719 1610 1808; x_wconf 88' lang='lat' dir='ltr'>spiritum,</span> 
     </span>
     <span class='ocr_line' id='line_1_14' title="bbox 241 1826 1609 1917; baseline -0.004 -21"><span class='ocrx_word' id='word_1_113' title='bbox 241 1852 341 1896; x_wconf 89' lang='lat' dir='ltr'>unum</span> <span class='ocrx_word' id='word_1_114' title='bbox 370 1851 485 1917; x_wconf 87' lang='lat' dir='ltr'>corpus</span> <span class='ocrx_word' id='word_1_115' title='bbox 513 1839 649 1916; x_wconf 91' lang='lat' dir='ltr'>utroque</span> <span class='ocrx_word' id='word_1_116' title='bbox 680 1850 793 1895; x_wconf 89' lang='lat' dir='ltr'>eorum</span> <span class='ocrx_word' id='word_1_117' title='bbox 816 1829 943 1896; x_wconf 85' lang='lat' dir='ltr'>vivente</span> <span class='ocrx_word' id='word_1_118' title='bbox 971 1828 1192 1917; x_wconf 87' lang='lat' dir='ltr'>atqueverius</span> <span class='ocrx_word' id='word_1_119' title='bbox 1216 1828 1384 1908; x_wconf 75' lang='lat' dir='ltr'>intento,</span> <span class='ocrx_word' id='word_1_120' title='bbox 1414 1826 1477 1893; x_wconf 92' lang='lat' dir='ltr'>hoc</span> <span class='ocrx_word' id='word_1_121' title='bbox 1506 1837 1556 1893; x_wconf 92' lang='lat' dir='ltr'>est</span> <span class='ocrx_word' id='word_1_122' title='bbox 1577 1826 1609 1891; x_wconf 91' lang='lat' dir='ltr'>in</span> 
     </span>
     <span class='ocr_line' id='line_1_15' title="bbox 240 1933 1612 2023; baseline -0.003 -21"><span class='ocrx_word' id='word_1_123' title='bbox 240 1934 322 2018; x_wconf 90' lang='lat' dir='ltr'>filio;</span> <span class='ocrx_word' id='word_1_124' title='bbox 346 1954 377 2002; x_wconf 90' lang='lat' dir='ltr'>et</span> <span class='ocrx_word' id='word_1_125' title='bbox 401 1935 427 2001; x_wconf 90' lang='lat' dir='ltr'>si</span> <span class='ocrx_word' id='word_1_126' title='bbox 451 1958 512 2001; x_wconf 89' lang='lat' dir='ltr'>una</span> <span class='ocrx_word' id='word_1_127' title='bbox 535 1947 608 2023; x_wconf 89' lang='lat' dir='ltr'>post</span> <span class='ocrx_word' id='word_1_128' title='bbox 631 1933 756 2001; x_wconf 90' lang='lat' dir='ltr'>alterius</span> <span class='ocrx_word' id='word_1_129' title='bbox 780 1934 915 2017; x_wconf 90' lang='lat' dir='ltr'>obitum,</span> <span class='ocrx_word' id='word_1_130' title='bbox 939 1933 1022 2002; x_wconf 88' lang='lat' dir='ltr'>nulla</span> <span class='ocrx_word' id='word_1_131' title='bbox 1047 1935 1213 2023; x_wconf 88' lang='lat' dir='ltr'>superstite</span> <span class='ocrx_word' id='word_1_132' title='bbox 1236 1933 1337 2021; x_wconf 91' lang='lat' dir='ltr'>prole,</span> <span class='ocrx_word' id='word_1_133' title='bbox 1360 1933 1524 2001; x_wconf 89' lang='lat' dir='ltr'>verissime</span> <span class='ocrx_word' id='word_1_134' title='bbox 1548 1933 1612 1999; x_wconf 90' lang='lat' dir='ltr'>sint</span> 
     </span>
     <span class='ocr_line' id='line_1_16' title="bbox 242 2037 1611 2130; baseline -0.003 -21"><span class='ocrx_word' id='word_1_135' title='bbox 242 2064 325 2124; x_wconf 88' lang='lat' dir='ltr'>caro,</span> <span class='ocrx_word' id='word_1_136' title='bbox 350 2042 456 2108; x_wconf 92' lang='lat' dir='ltr'>omnis</span> <span class='ocrx_word' id='word_1_137' title='bbox 479 2040 567 2108; x_wconf 87' lang='lat' dir='ltr'>abest</span> <span class='ocrx_word' id='word_1_138' title='bbox 589 2039 809 2128; x_wconf 87' lang='lat' dir='ltr'>reprimendae</span> <span class='ocrx_word' id='word_1_139' title='bbox 833 2042 1109 2129; x_wconf 89' lang='lat' dir='ltr'>concupiscentiae</span> <span class='ocrx_word' id='word_1_140' title='bbox 1133 2063 1235 2122; x_wconf 89' lang='lat' dir='ltr'>causa,</span> <span class='ocrx_word' id='word_1_141' title='bbox 1259 2041 1370 2130; x_wconf 88' lang='lat' dir='ltr'>iusque</span> <span class='ocrx_word' id='word_1_142' title='bbox 1394 2037 1552 2121; x_wconf 90' lang='lat' dir='ltr'>divinum,</span> <span class='ocrx_word' id='word_1_143' title='bbox 1577 2050 1611 2106; x_wconf 91' lang='lat' dir='ltr'>ut</span> 
     </span>
     <span class='ocr_line' id='line_1_17' title="bbox 241 2143 1610 2238; baseline -0.003 -24"><span class='ocrx_word' id='word_1_144' title='bbox 241 2149 348 2238; x_wconf 90' lang='lat' dir='ltr'>liquet,</span> <span class='ocrx_word' id='word_1_145' title='bbox 372 2145 533 2236; x_wconf 90' lang='lat' dir='ltr'>prohibuit</span> <span class='ocrx_word' id='word_1_146' title='bbox 556 2147 699 2214; x_wconf 89' lang='lat' dir='ltr'>minime.</span> <span class='ocrx_word' id='word_1_147' title='bbox 746 2147 815 2214; x_wconf 87' lang='lat' dir='ltr'>Nec</span> <span class='ocrx_word' id='word_1_148' title='bbox 833 2146 981 2234; x_wconf 88' lang='lat' dir='ltr'>Gregorii</span> <span class='ocrx_word' id='word_1_149' title='bbox 997 2145 1110 2213; x_wconf 89' lang='lat' dir='ltr'>verba¹</span> <span class='ocrx_word' id='word_1_150' title='bbox 1133 2158 1218 2214; x_wconf 90' lang='lat' dir='ltr'>recte</span> <span class='ocrx_word' id='word_1_151' title='bbox 1235 2145 1443 2226; x_wconf 85' lang='lat' dir='ltr'>considerata,</span> <span class='ocrx_word' id='word_1_152' title='bbox 1467 2143 1517 2212; x_wconf 91' lang='lat' dir='ltr'>vel</span> <span class='ocrx_word' id='word_1_153' title='bbox 1534 2167 1610 2213; x_wconf 91' lang='lat' dir='ltr'>con·</span> 
     </span>
     <span class='ocr_line' id='line_1_18' title="bbox 242 2251 1610 2321; baseline -0.004 0"><span class='ocrx_word' id='word_1_154' title='bbox 242 2253 385 2321; x_wconf 84' lang='lat' dir='ltr'>ciborum</span> <span class='ocrx_word' id='word_1_155' title='bbox 409 2251 459 2319; x_wconf 88' lang='lat' dir='ltr'>vel</span> <span class='ocrx_word' id='word_1_156' title='bbox 482 2252 617 2320; x_wconf 84' lang='lat' dir='ltr'>aliorum</span> <span class='ocrx_word' id='word_1_157' title='bbox 641 2251 834 2320; x_wconf 89' lang='lat' dir='ltr'>Pontificum</span> <span class='ocrx_word' id='word_1_158' title='bbox 858 2276 914 2320; x_wconf 90' lang='lat' dir='ltr'>seu</span> <span class='ocrx_word' id='word_1_159' title='bbox 938 2253 1119 2321; x_wconf 92' lang='lat' dir='ltr'>Doctorum</span> <span class='ocrx_word' id='word_1_160' title='bbox 1139 2251 1295 2320; x_wconf 86' lang='lat' dir='ltr'>Ecclesiae</span> <span class='ocrx_word' id='word_1_161' title='bbox 1320 2264 1432 2320; x_wconf 92' lang='lat' dir='ltr'>contra</span> <span class='ocrx_word' id='word_1_162' title='bbox 1451 2252 1532 2319; x_wconf 90' lang='lat' dir='ltr'>hanc</span> <span class='ocrx_word' id='word_1_163' title='bbox 1551 2251 1610 2317; x_wconf 91' lang='lat' dir='ltr'>mi·</span> 
     </span>
     <span class='ocr_line' id='line_1_19' title="bbox 240 2355 1613 2448; baseline -0.002 -21"><span class='ocrx_word' id='word_1_164' title='bbox 240 2361 328 2428; x_wconf 88' lang='lat' dir='ltr'>litant</span> <span class='ocrx_word' id='word_1_165' title='bbox 352 2360 554 2427; x_wconf 89' lang='lat' dir='ltr'>sententiam.</span> <span class='ocrx_word' id='word_1_166' title='bbox 601 2360 731 2445; x_wconf 87' lang='lat' dir='ltr'>Negant</span> <span class='ocrx_word' id='word_1_167' title='bbox 754 2381 830 2426; x_wconf 89' lang='lat' dir='ltr'>sane</span> <span class='ocrx_word' id='word_1_168' title='bbox 853 2361 1122 2448; x_wconf 88' lang='lat' dir='ltr'>propinquitatem</span> <span class='ocrx_word' id='word_1_169' title='bbox 1148 2360 1284 2426; x_wconf 91' lang='lat' dir='ltr'>omnino</span> <span class='ocrx_word' id='word_1_170' title='bbox 1309 2360 1497 2440; x_wconf 83' lang='lat' dir='ltr'>extinctam,</span> <span class='ocrx_word' id='word_1_171' title='bbox 1525 2355 1613 2447; x_wconf 89' lang='lat' dir='ltr'>qnod</span> 
     </span>
     <span class='ocr_line' id='line_1_20' title="bbox 240 2464 1612 2555; baseline -0.001 -21"><span class='ocrx_word' id='word_1_172' title='bbox 240 2491 301 2535; x_wconf 92' lang='lat' dir='ltr'>nos</span> <span class='ocrx_word' id='word_1_173' title='bbox 332 2490 404 2535; x_wconf 85' lang='lat' dir='ltr'>cunt</span> <span class='ocrx_word' id='word_1_174' title='bbox 437 2468 481 2532; x_wconf 91' lang='lat' dir='ltr'>eis</span> <span class='ocrx_word' id='word_1_175' title='bbox 515 2464 758 2533; x_wconf 86' lang='lat' dir='ltr'>concordamus.</span> <span class='ocrx_word' id='word_1_176' title='bbox 811 2467 965 2533; x_wconf 78' lang='lat' dir='ltr'>fisserunt</span> <span class='ocrx_word' id='word_1_177' title='bbox 996 2489 1092 2554; x_wconf 86' lang='lat' dir='ltr'>grave</span> <span class='ocrx_word' id='word_1_178' title='bbox 1122 2484 1286 2554; x_wconf 91' lang='lat' dir='ltr'>peccatum</span> <span class='ocrx_word' id='word_1_179' title='bbox 1319 2489 1387 2533; x_wconf 90' lang='lat' dir='ltr'>esse</span> <span class='ocrx_word' id='word_1_180' title='bbox 1419 2466 1612 2555; x_wconf 87' lang='lat' dir='ltr'>propinquas</span> 
     </span>
     <span class='ocr_line' id='line_1_21' title="bbox 241 2570 1611 2662; baseline -0.001 -22"><span class='ocrx_word' id='word_1_181' title='bbox 241 2573 371 2654; x_wconf 89' lang='lat' dir='ltr'>ducere,</span> <span class='ocrx_word' id='word_1_182' title='bbox 402 2571 488 2662; x_wconf 89' lang='lat' dir='ltr'>quod</span> <span class='ocrx_word' id='word_1_183' title='bbox 517 2593 578 2639; x_wconf 89' lang='lat' dir='ltr'>nos</span> <span class='ocrx_word' id='word_1_184' title='bbox 601 2594 668 2638; x_wconf 93' lang='lat' dir='ltr'>non</span> <span class='ocrx_word' id='word_1_185' title='bbox 692 2570 868 2639; x_wconf 88' lang='lat' dir='ltr'>abnuimus.</span> <span class='ocrx_word' id='word_1_186' title='bbox 922 2573 1087 2661; x_wconf 90' lang='lat' dir='ltr'>Respuunt</span> <span class='ocrx_word' id='word_1_187' title='bbox 1111 2591 1289 2661; x_wconf 86' lang='lat' dir='ltr'>susceptam</span> <span class='ocrx_word' id='word_1_188' title='bbox 1314 2571 1439 2640; x_wconf 88' lang='lat' dir='ltr'>alterius</span> <span class='ocrx_word' id='word_1_189' title='bbox 1463 2571 1611 2639; x_wconf 90' lang='lat' dir='ltr'>sobolem</span> 
     </span>
     <span class='ocr_line' id='line_1_22' title="bbox 240 2676 1611 2768; baseline -0.001 -21"><span class='ocrx_word' id='word_1_190' title='bbox 240 2680 343 2747; x_wconf 89' lang='lat' dir='ltr'>soboli</span> <span class='ocrx_word' id='word_1_191' title='bbox 367 2678 492 2746; x_wconf 87' lang='lat' dir='ltr'>alterius</span> <span class='ocrx_word' id='word_1_192' title='bbox 509 2677 659 2766; x_wconf 90' lang='lat' dir='ltr'>copulati,</span> <span class='ocrx_word' id='word_1_193' title='bbox 683 2676 769 2767; x_wconf 93' lang='lat' dir='ltr'>quod</span> <span class='ocrx_word' id='word_1_194' title='bbox 794 2701 854 2744; x_wconf 94' lang='lat' dir='ltr'>nos</span> <span class='ocrx_word' id='word_1_195' title='bbox 872 2679 964 2745; x_wconf 88' lang='lat' dir='ltr'>etiam</span> <span class='ocrx_word' id='word_1_196' title='bbox 990 2678 1185 2746; x_wconf 89' lang='lat' dir='ltr'>admittimus</span> <span class='ocrx_word' id='word_1_197' title='bbox 1209 2701 1406 2768; x_wconf 88' lang='lat' dir='ltr'>omnemque</span> <span class='ocrx_word' id='word_1_198' title='bbox 1427 2690 1611 2746; x_wconf 88' lang='lat' dir='ltr'>sanctorum</span> 
     </span>
     <span class='ocr_line' id='line_1_23' title="bbox 241 2782 1612 2873; baseline -0.001 -20"><span class='ocrx_word' id='word_1_199' title='bbox 241 2787 418 2854; x_wconf 88' lang='lat' dir='ltr'>doctrinam</span> <span class='ocrx_word' id='word_1_200' title='bbox 442 2783 474 2852; x_wconf 91' lang='lat' dir='ltr'>id</span> <span class='ocrx_word' id='word_1_201' title='bbox 497 2786 624 2852; x_wconf 89' lang='lat' dir='ltr'>vivente</span> <span class='ocrx_word' id='word_1_202' title='bbox 644 2784 712 2852; x_wconf 88' lang='lat' dir='ltr'>viro</span> <span class='ocrx_word' id='word_1_203' title='bbox 736 2784 787 2852; x_wconf 90' lang='lat' dir='ltr'>vel</span> <span class='ocrx_word' id='word_1_204' title='bbox 811 2783 961 2852; x_wconf 90' lang='lat' dir='ltr'>defuncto</span> <span class='ocrx_word' id='word_1_205' title='bbox 986 2808 1059 2852; x_wconf 92' lang='lat' dir='ltr'>cum</span> <span class='ocrx_word' id='word_1_206' title='bbox 1082 2784 1172 2872; x_wconf 88' lang='lat' dir='ltr'>prole</span> <span class='ocrx_word' id='word_1_207' title='bbox 1196 2785 1263 2852; x_wconf 89' lang='lat' dir='ltr'>iure</span> <span class='ocrx_word' id='word_1_208' title='bbox 1286 2783 1481 2873; x_wconf 89' lang='lat' dir='ltr'>prohibitum</span> <span class='ocrx_word' id='word_1_209' title='bbox 1503 2782 1612 2853; x_wconf 90' lang='lat' dir='ltr'>divino</span> 
     </span>
     <span class='ocr_line' id='line_1_24' title="bbox 241 2889 1612 2980; baseline -0.001 -21"><span class='ocrx_word' id='word_1_210' title='bbox 241 2893 408 2960; x_wconf 88' lang='lat' dir='ltr'>asseruisse</span> <span class='ocrx_word' id='word_1_211' title='bbox 433 2914 610 2958; x_wconf 89' lang='lat' dir='ltr'>censemus.</span> <span class='ocrx_word' id='word_1_212' title='bbox 659 2890 839 2979; x_wconf 88' lang='lat' dir='ltr'>Opinamur</span> <span class='ocrx_word' id='word_1_213' title='bbox 862 2890 1019 2980; x_wconf 88' lang='lat' dir='ltr'>siquidem</span> <span class='ocrx_word' id='word_1_214' title='bbox 1045 2910 1075 2958; x_wconf 93' lang='lat' dir='ltr'>et</span> <span class='ocrx_word' id='word_1_215' title='bbox 1094 2913 1169 2958; x_wconf 88' lang='lat' dir='ltr'>vere</span> <span class='ocrx_word' id='word_1_216' title='bbox 1193 2889 1362 2974; x_wconf 89' lang='lat' dir='ltr'>credimus,</span> <span class='ocrx_word' id='word_1_217' title='bbox 1385 2913 1490 2958; x_wconf 89' lang='lat' dir='ltr'>sacras</span> <span class='ocrx_word' id='word_1_218' title='bbox 1505 2902 1612 2979; x_wconf 86' lang='lat' dir='ltr'>aperte</span> 
     </span>
     <span class='ocr_line' id='line_1_25' title="bbox 241 2996 1613 3088; baseline -0.001 -22"><span class='ocrx_word' id='word_1_219' title='bbox 241 2999 408 3088; x_wconf 89' lang='lat' dir='ltr'>loquentes</span> <span class='ocrx_word' id='word_1_220' title='bbox 432 2997 518 3085; x_wconf 90' lang='lat' dir='ltr'>ipsos</span> <span class='ocrx_word' id='word_1_221' title='bbox 542 2996 733 3065; x_wconf 87' lang='lat' dir='ltr'>intellexisse</span> <span class='ocrx_word' id='word_1_222' title='bbox 761 2999 939 3085; x_wconf 89' lang='lat' dir='ltr'>scripturas.</span> <span class='ocrx_word' id='word_1_223' title='bbox 987 2996 1221 3080; x_wconf 88' lang='lat' dir='ltr'>Concedimus,</span> <span class='ocrx_word' id='word_1_224' title='bbox 1253 2999 1412 3087; x_wconf 89' lang='lat' dir='ltr'>antiquam</span> <span class='ocrx_word' id='word_1_225' title='bbox 1443 3009 1613 3065; x_wconf 91' lang='lat' dir='ltr'>consuetu-</span> 
     </span>
     <span class='ocr_line' id='line_1_26' title="bbox 242 3100 1613 3193; baseline 0 -21"><span class='ocrx_word' id='word_1_226' title='bbox 242 3104 360 3187; x_wconf 89' lang='lat' dir='ltr'>dinem,</span> <span class='ocrx_word' id='word_1_227' title='bbox 384 3101 521 3171; x_wconf 90' lang='lat' dir='ltr'>ducendi</span> <span class='ocrx_word' id='word_1_228' title='bbox 544 3102 692 3171; x_wconf 86' lang='lat' dir='ltr'>videlicet</span> <span class='ocrx_word' id='word_1_229' title='bbox 715 3127 850 3171; x_wconf 87' lang='lat' dir='ltr'>uxorem</span> <span class='ocrx_word' id='word_1_230' title='bbox 880 3100 1017 3171; x_wconf 81' lang='lat' dir='ltr'>defuncti</span> <span class='ocrx_word' id='word_1_231' title='bbox 1042 3102 1144 3171; x_wconf 87' lang='lat' dir='ltr'>fratris</span> <span class='ocrx_word' id='word_1_232' title='bbox 1168 3105 1237 3171; x_wconf 89' lang='lat' dir='ltr'>sine</span> <span class='ocrx_word' id='word_1_233' title='bbox 1259 3103 1365 3193; x_wconf 89' lang='lat' dir='ltr'>prole,</span> <span class='ocrx_word' id='word_1_234' title='bbox 1394 3127 1411 3170; x_wconf 87' lang='lat' dir='ltr'>a</span> <span class='ocrx_word' id='word_1_235' title='bbox 1434 3103 1613 3193; x_wconf 85' lang='lat' dir='ltr'>legislatore</span> 
     </span>
     <span class='ocr_line' id='line_1_27' title="bbox 241 3208 1613 3298; baseline 0.001 -21"><span class='ocrx_word' id='word_1_236' title='bbox 241 3211 313 3278; x_wconf 91' lang='lat' dir='ltr'>Deo</span> <span class='ocrx_word' id='word_1_237' title='bbox 339 3208 575 3292; x_wconf 89' lang='lat' dir='ltr'>confirmatam,</span> <span class='ocrx_word' id='word_1_238' title='bbox 605 3232 672 3277; x_wconf 91' lang='lat' dir='ltr'>uon</span> <span class='ocrx_word' id='word_1_239' title='bbox 699 3222 808 3278; x_wconf 83' lang='lat' dir='ltr'>tamen</span> <span class='ocrx_word' id='word_1_240' title='bbox 835 3224 1039 3298; x_wconf 88' lang='lat' dir='ltr'>praeceptum</span> <span class='ocrx_word' id='word_1_241' title='bbox 1068 3212 1208 3298; x_wconf 88' lang='lat' dir='ltr'>praecise</span> <span class='ocrx_word' id='word_1_242' title='bbox 1232 3209 1343 3292; x_wconf 88' lang='lat' dir='ltr'>fuisse,</span> <span class='ocrx_word' id='word_1_243' title='bbox 1371 3209 1427 3278; x_wconf 90' lang='lat' dir='ltr'>sed</span> <span class='ocrx_word' id='word_1_244' title='bbox 1456 3212 1613 3279; x_wconf 85' lang='lat' dir='ltr'>causative</span> 
     </span>
     <span class='ocr_line' id='line_1_28' title="bbox 241 3314 1612 3405; baseline -0.001 -20"><span class='ocrx_word' id='word_1_245' title='bbox 241 3329 455 3405; x_wconf 89' lang='lat' dir='ltr'>praeceptum,</span> <span class='ocrx_word' id='word_1_246' title='bbox 479 3317 563 3383; x_wconf 86' lang='lat' dir='ltr'>iuxta</span> <span class='ocrx_word' id='word_1_247' title='bbox 585 3318 726 3403; x_wconf 90' lang='lat' dir='ltr'>priorem</span> <span class='ocrx_word' id='word_1_248' title='bbox 746 3314 1025 3399; x_wconf 89' lang='lat' dir='ltr'>consuetudinem,</span> <span class='ocrx_word' id='word_1_249' title='bbox 1048 3315 1154 3384; x_wconf 80' lang='lat' dir='ltr'>uelde</span> <span class='ocrx_word' id='word_1_250' title='bbox 1171 3315 1360 3384; x_wconf 90' lang='lat' dir='ltr'>iudicialium</span> <span class='ocrx_word' id='word_1_251' title='bbox 1379 3315 1612 3398; x_wconf 88' lang='lat' dir='ltr'>forenumero,</span> 
     </span>
     <span class='ocr_line' id='line_1_29' title="bbox 241 3421 1611 3514; baseline -0.001 -23"><span class='ocrx_word' id='word_1_252' title='bbox 241 3446 320 3514; x_wconf 90' lang='lat' dir='ltr'>quae</span> <span class='ocrx_word' id='word_1_253' title='bbox 355 3424 388 3489; x_wconf 92' lang='lat' dir='ltr'>in</span> <span class='ocrx_word' id='word_1_254' title='bbox 423 3445 510 3489; x_wconf 87' lang='lat' dir='ltr'>novo</span> <span class='ocrx_word' id='word_1_255' title='bbox 541 3445 608 3489; x_wconf 89' lang='lat' dir='ltr'>non</span> <span class='ocrx_word' id='word_1_256' title='bbox 641 3421 782 3509; x_wconf 88' lang='lat' dir='ltr'>obligant</span> <span class='ocrx_word' id='word_1_257' title='bbox 816 3434 1024 3504; x_wconf 89' lang='lat' dir='ltr'>testamento,</span> <span class='ocrx_word' id='word_1_258' title='bbox 1063 3423 1122 3489; x_wconf 89' lang='lat' dir='ltr'>nisi</span> <span class='ocrx_word' id='word_1_259' title='bbox 1157 3423 1194 3490; x_wconf 91' lang='lat' dir='ltr'>ab</span> <span class='ocrx_word' id='word_1_260' title='bbox 1229 3421 1367 3490; x_wconf 88' lang='lat' dir='ltr'>Ecclesia</span> <span class='ocrx_word' id='word_1_261' title='bbox 1405 3435 1611 3490; x_wconf 87' lang='lat' dir='ltr'>assumantur.</span> 
     </span>
     <span class='ocr_line' id='line_1_30' title="bbox 242 3526 1613 3616; baseline -0.001 -19"><span class='ocrx_word' id='word_1_262' title='bbox 242 3530 392 3611; x_wconf 91' lang='lat' dir='ltr'>Quorum</span> <span class='ocrx_word' id='word_1_263' title='bbox 423 3526 625 3596; x_wconf 87' lang='lat' dir='ltr'>confirmatio</span> <span class='ocrx_word' id='word_1_264' title='bbox 657 3541 688 3596; x_wconf 92' lang='lat' dir='ltr'>et</span> <span class='ocrx_word' id='word_1_265' title='bbox 718 3528 898 3616; x_wconf 89' lang='lat' dir='ltr'>abrogatio,</span> <span class='ocrx_word' id='word_1_266' title='bbox 933 3541 1067 3616; x_wconf 89' lang='lat' dir='ltr'>urgente</span> <span class='ocrx_word' id='word_1_267' title='bbox 1095 3552 1204 3610; x_wconf 88' lang='lat' dir='ltr'>causa,</span> <span class='ocrx_word' id='word_1_268' title='bbox 1236 3527 1274 3595; x_wconf 88' lang='lat' dir='ltr'>ad</span> <span class='ocrx_word' id='word_1_269' title='bbox 1303 3528 1473 3595; x_wconf 88' lang='lat' dir='ltr'>Summum</span> <span class='ocrx_word' id='word_1_270' title='bbox 1501 3529 1613 3596; x_wconf 84' lang='lat' dir='ltr'>attinet</span> 
     </span>
     <span class='ocr_line' id='line_1_31' title="bbox 241 3624 1613 3724; baseline 0 -21"><span class='ocrx_word' id='word_1_271' title='bbox 241 3635 441 3705; x_wconf 88' lang='lat' dir='ltr'>Pontificem.</span> <span class='ocrx_word' id='word_1_272' title='bbox 488 3636 645 3717; x_wconf 90' lang='lat' dir='ltr'>Quamvis</span> <span class='ocrx_word' id='word_1_273' title='bbox 674 3658 744 3702; x_wconf 90' lang='lat' dir='ltr'>eam</span> <span class='ocrx_word' id='word_1_274' title='bbox 775 3624 1057 3717; x_wconf 76' lang='lat' dir='ltr'>consuetudinem,</span> <span class='ocrx_word' id='word_1_275' title='bbox 1086 3659 1127 3703; x_wconf 94' lang='lat' dir='ltr'>ne</span> <span class='ocrx_word' id='word_1_276' title='bbox 1157 3637 1340 3724; x_wconf 87' lang='lat' dir='ltr'>cuiusquam</span> <span class='ocrx_word' id='word_1_277' title='bbox 1370 3634 1544 3702; x_wconf 84' lang='lat' dir='ltr'>haereditas</span> <span class='ocrx_word' id='word_1_278' title='bbox 1573 3634 1613 3703; x_wconf 91' lang='lat' dir='ltr'>ad</span> 
     </span>
     <span class='ocr_line' id='line_1_32' title="bbox 241 3739 1612 3829; baseline -0.001 -18"><span class='ocrx_word' id='word_1_279' title='bbox 241 3742 360 3811; x_wconf 87' lang='lat' dir='ltr'>alienos</span> <span class='ocrx_word' id='word_1_280' title='bbox 382 3745 538 3825; x_wconf 88' lang='lat' dir='ltr'>transiret,</span> <span class='ocrx_word' id='word_1_281' title='bbox 563 3741 786 3824; x_wconf 89' lang='lat' dir='ltr'>introductam,</span> <span class='ocrx_word' id='word_1_282' title='bbox 811 3761 845 3809; x_wconf 90' lang='lat' dir='ltr'>ut</span> <span class='ocrx_word' id='word_1_283' title='bbox 865 3740 1035 3810; x_wconf 88' lang='lat' dir='ltr'>mulierum</span> <span class='ocrx_word' id='word_1_284' title='bbox 1059 3743 1151 3810; x_wconf 89' lang='lat' dir='ltr'>etiam</span> <span class='ocrx_word' id='word_1_285' title='bbox 1170 3741 1270 3829; x_wconf 80' lang='lat' dir='ltr'>fragili</span> <span class='ocrx_word' id='word_1_286' title='bbox 1287 3739 1505 3809; x_wconf 89' lang='lat' dir='ltr'>consuleretur</span> <span class='ocrx_word' id='word_1_287' title='bbox 1524 3743 1612 3809; x_wconf 84' lang='lat' dir='ltr'>sexui</span> 
     </span>
     <span class='ocr_line' id='line_1_33' title="bbox 242 3846 1408 3940; baseline -0.003 -23"><span class='ocrx_word' id='word_1_288' title='bbox 242 3873 346 3940; x_wconf 89' lang='lat' dir='ltr'>neque</span> <span class='ocrx_word' id='word_1_289' title='bbox 370 3847 486 3916; x_wconf 90' lang='lat' dir='ltr'>domus</span> <span class='ocrx_word' id='word_1_290' title='bbox 509 3847 644 3916; x_wconf 89' lang='lat' dir='ltr'>familiae</span> <span class='ocrx_word' id='word_1_291' title='bbox 668 3850 816 3937; x_wconf 90' lang='lat' dir='ltr'>perirent,</span> <span class='ocrx_word' id='word_1_292' title='bbox 840 3871 946 3916; x_wconf 88' lang='lat' dir='ltr'>sactae</span> <span class='ocrx_word' id='word_1_293' title='bbox 969 3850 1102 3936; x_wconf 87' lang='lat' dir='ltr'>paginae</span> <span class='ocrx_word' id='word_1_294' title='bbox 1125 3860 1282 3916; x_wconf 89' lang='lat' dir='ltr'>testentur</span> <span class='ocrx_word' id='word_1_295' title='bbox 1304 3846 1408 3916; x_wconf 88' lang='lat' dir='ltr'>verba.</span> 
     </span>
    </p>
   </div>
   <div class='ocr_carea' id='block_1_4' title="bbox 240 3970 1612 4594">
    <p class='ocr_par' dir='ltr' id='par_1_4' title="bbox 240 3970 1612 4594">
     <span class='ocr_line' id='line_1_34' title="bbox 347 3970 1612 4062; baseline 0 -22"><span class='ocrx_word' id='word_1_296' title='bbox 347 3971 565 4041; x_wconf 87' lang='lat' dir='ltr'>Concedimus</span> <span class='ocrx_word' id='word_1_297' title='bbox 593 3996 688 4061; x_wconf 86' lang='lat' dir='ltr'>grave</span> <span class='ocrx_word' id='word_1_298' title='bbox 719 3997 788 4041; x_wconf 88' lang='lat' dir='ltr'>esse</span> <span class='ocrx_word' id='word_1_299' title='bbox 812 3972 980 4055; x_wconf 92' lang='lat' dir='ltr'>delictum,</span> <span class='ocrx_word' id='word_1_300' title='bbox 1011 3997 1083 4041; x_wconf 91' lang='lat' dir='ltr'>cum</span> <span class='ocrx_word' id='word_1_301' title='bbox 1108 3973 1268 4062; x_wconf 90' lang='lat' dir='ltr'>quibusvis</span> <span class='ocrx_word' id='word_1_302' title='bbox 1293 3970 1331 4039; x_wconf 93' lang='lat' dir='ltr'>ad</span> <span class='ocrx_word' id='word_1_303' title='bbox 1354 3971 1489 4061; x_wconf 90' lang='lat' dir='ltr'>gradum</span> <span class='ocrx_word' id='word_1_304' title='bbox 1512 3996 1612 4061; x_wconf 89' lang='lat' dir='ltr'>usque</span> 
     </span>
     <span class='ocr_line' id='line_1_35' title="bbox 241 4077 1612 4169; baseline -0.001 -22"><span class='ocrx_word' id='word_1_305' title='bbox 241 4093 386 4169; x_wconf 90' lang='lat' dir='ltr'>quartum</span> <span class='ocrx_word' id='word_1_306' title='bbox 418 4080 606 4147; x_wconf 87' lang='lat' dir='ltr'>contrahere</span> <span class='ocrx_word' id='word_1_307' title='bbox 636 4077 800 4161; x_wconf 88' lang='lat' dir='ltr'>affinibus,</span> <span class='ocrx_word' id='word_1_308' title='bbox 831 4078 886 4147; x_wconf 92' lang='lat' dir='ltr'>sed</span> <span class='ocrx_word' id='word_1_309' title='bbox 919 4092 1029 4147; x_wconf 88' lang='lat' dir='ltr'>contra</span> <span class='ocrx_word' id='word_1_310' title='bbox 1057 4081 1105 4146; x_wconf 90' lang='lat' dir='ltr'>ius</span> <span class='ocrx_word' id='word_1_311' title='bbox 1134 4078 1291 4147; x_wconf 89' lang='lat' dir='ltr'>divinum:</span> <span class='ocrx_word' id='word_1_312' title='bbox 1325 4102 1399 4147; x_wconf 89' lang='lat' dir='ltr'>curn</span> <span class='ocrx_word' id='word_1_313' title='bbox 1428 4077 1529 4146; x_wconf 88' lang='lat' dir='ltr'>fratris</span> <span class='ocrx_word' id='word_1_314' title='bbox 1559 4077 1612 4146; x_wconf 92' lang='lat' dir='ltr'>de·</span> 
     </span>
     <span class='ocr_line' id='line_1_36' title="bbox 240 4183 1612 4275; baseline 0.001 -24"><span class='ocrx_word' id='word_1_315' title='bbox 240 4183 339 4252; x_wconf 91' lang='lat' dir='ltr'>functi</span> <span class='ocrx_word' id='word_1_316' title='bbox 363 4209 472 4268; x_wconf 86' lang='lat' dir='ltr'>uxore,</span> <span class='ocrx_word' id='word_1_317' title='bbox 496 4185 585 4275; x_wconf 87' lang='lat' dir='ltr'>prole</span> <span class='ocrx_word' id='word_1_318' title='bbox 609 4187 793 4273; x_wconf 90' lang='lat' dir='ltr'>superstite,</span> <span class='ocrx_word' id='word_1_319' title='bbox 821 4209 857 4253; x_wconf 91' lang='lat' dir='ltr'>ac</span> <span class='ocrx_word' id='word_1_320' title='bbox 881 4209 954 4252; x_wconf 91' lang='lat' dir='ltr'>cum</span> <span class='ocrx_word' id='word_1_321' title='bbox 983 4187 1084 4273; x_wconf 90' lang='lat' dir='ltr'>patrui</span> <span class='ocrx_word' id='word_1_322' title='bbox 1114 4209 1213 4253; x_wconf 83' lang='lat' dir='ltr'>uxore</span> <span class='ocrx_word' id='word_1_323' title='bbox 1242 4206 1273 4253; x_wconf 91' lang='lat' dir='ltr'>et</span> <span class='ocrx_word' id='word_1_324' title='bbox 1297 4184 1416 4253; x_wconf 91' lang='lat' dir='ltr'>duabus</span> <span class='ocrx_word' id='word_1_325' title='bbox 1445 4184 1537 4251; x_wconf 91' lang='lat' dir='ltr'>simul</span> <span class='ocrx_word' id='word_1_326' title='bbox 1560 4208 1612 4252; x_wconf 93' lang='lat' dir='ltr'>so-</span> 
     </span>
     <span class='ocr_line' id='line_1_37' title="bbox 240 4290 1612 4380; baseline 0.001 -24"><span class='ocrx_word' id='word_1_327' title='bbox 240 4292 374 4374; x_wconf 91' lang='lat' dir='ltr'>roribus,</span> <span class='ocrx_word' id='word_1_328' title='bbox 403 4303 514 4360; x_wconf 89' lang='lat' dir='ltr'>contra</span> <span class='ocrx_word' id='word_1_329' title='bbox 543 4306 664 4359; x_wconf 86' lang='lat' dir='ltr'>novum</span> <span class='ocrx_word' id='word_1_330' title='bbox 693 4303 935 4360; x_wconf 89' lang='lat' dir='ltr'>testamentum:</span> <span class='ocrx_word' id='word_1_331' title='bbox 959 4292 1064 4380; x_wconf 87' lang='lat' dir='ltr'>plures</span> <span class='ocrx_word' id='word_1_332' title='bbox 1088 4291 1203 4360; x_wconf 90' lang='lat' dir='ltr'>ducere</span> <span class='ocrx_word' id='word_1_333' title='bbox 1227 4314 1361 4375; x_wconf 82' lang='lat' dir='ltr'>uxores;</span> <span class='ocrx_word' id='word_1_334' title='bbox 1396 4290 1511 4359; x_wconf 90' lang='lat' dir='ltr'>ducere</span> <span class='ocrx_word' id='word_1_335' title='bbox 1534 4313 1612 4357; x_wconf 90' lang='lat' dir='ltr'>vero</span> 
     </span>
     <span class='ocr_line' id='line_1_38' title="bbox 241 4396 1611 4487; baseline -0.001 -22"><span class='ocrx_word' id='word_1_336' title='bbox 241 4420 373 4466; x_wconf 85' lang='lat' dir='ltr'>uxorem</span> <span class='ocrx_word' id='word_1_337' title='bbox 398 4396 538 4465; x_wconf 88' lang='lat' dir='ltr'>defuncti</span> <span class='ocrx_word' id='word_1_338' title='bbox 560 4396 672 4479; x_wconf 90' lang='lat' dir='ltr'>fratris,</span> <span class='ocrx_word' id='word_1_339' title='bbox 696 4397 780 4465; x_wconf 86' lang='lat' dir='ltr'>nulla</span> <span class='ocrx_word' id='word_1_340' title='bbox 795 4400 962 4486; x_wconf 87' lang='lat' dir='ltr'>superstite</span> <span class='ocrx_word' id='word_1_341' title='bbox 986 4397 1086 4487; x_wconf 89' lang='lat' dir='ltr'>prole,</span> <span class='ocrx_word' id='word_1_342' title='bbox 1110 4417 1220 4465; x_wconf 90' lang='lat' dir='ltr'>contra</span> <span class='ocrx_word' id='word_1_343' title='bbox 1244 4399 1332 4480; x_wconf 88' lang='lat' dir='ltr'>ritus,</span> <span class='ocrx_word' id='word_1_344' title='bbox 1356 4409 1390 4465; x_wconf 93' lang='lat' dir='ltr'>ut</span> <span class='ocrx_word' id='word_1_345' title='bbox 1406 4397 1611 4465; x_wconf 85' lang='lat' dir='ltr'>innocentius</span> 
     </span>
     <span class='ocr_line' id='line_1_39' title="bbox 240 4501 1609 4594; baseline -0.001 -24"><span class='ocrx_word' id='word_1_346' title='bbox 240 4504 322 4592; x_wconf 88' lang='lat' dir='ltr'>Papa</span> <span class='ocrx_word' id='word_1_347' title='bbox 345 4505 476 4594; x_wconf 79' lang='lat' dir='ltr'>inquit,²</span> <span class='ocrx_word' id='word_1_348' title='bbox 504 4526 585 4594; x_wconf 92' lang='lat' dir='ltr'>quos</span> <span class='ocrx_word' id='word_1_349' title='bbox 609 4505 754 4572; x_wconf 88' lang='lat' dir='ltr'>Romana</span> <span class='ocrx_word' id='word_1_350' title='bbox 777 4524 879 4572; x_wconf 88' lang='lat' dir='ltr'>servat</span> <span class='ocrx_word' id='word_1_351' title='bbox 904 4504 1057 4587; x_wconf 89' lang='lat' dir='ltr'>Ecclesia,</span> <span class='ocrx_word' id='word_1_352' title='bbox 1085 4527 1142 4572; x_wconf 91' lang='lat' dir='ltr'>seu</span> <span class='ocrx_word' id='word_1_353' title='bbox 1166 4503 1314 4586; x_wconf 91' lang='lat' dir='ltr'>concilia,</span> <span class='ocrx_word' id='word_1_354' title='bbox 1343 4503 1394 4571; x_wconf 90' lang='lat' dir='ltr'>vel</span> <span class='ocrx_word' id='word_1_355' title='bbox 1416 4501 1609 4571; x_wconf 88' lang='lat' dir='ltr'>Pontificum</span> 
     </span>
    </p>
   </div>
   <div class='ocr_carea' id='block_1_5' title="bbox 240 4651 270 4658">
    <p class='ocr_par' dir='ltr' id='par_1_5' title="bbox 240 4651 270 4658">
     <span class='ocr_line' id='line_1_40' title="bbox 240 4651 270 4658; baseline -0.033 0"><span class='ocrx_word' id='word_1_356' title='bbox 240 4651 270 4658; x_wconf 72' lang='lat'>..-</span> 
     </span>
    </p>
   </div>
   <div class='ocr_carea' id='block_1_6' title="bbox 347 4734 1425 4859">
    <p class='ocr_par' dir='ltr' id='par_1_6' title="bbox 347 4734 1425 4859">
     <span class='ocr_line' id='line_1_41' title="bbox 347 4734 1425 4859; baseline -0.003 -69"><span class='ocrx_word' id='word_1_357' title='bbox 347 4742 354 4773; x_wconf 89' lang='lat'><strong>¹</strong></span> <span class='ocrx_word' id='word_1_358' title='bbox 374 4736 481 4790; x_wconf 89' lang='lat' dir='ltr'>Decret.</span> <span class='ocrx_word' id='word_1_359' title='bbox 501 4734 574 4789; x_wconf 88' lang='lat' dir='ltr'>Grat.</span> <span class='ocrx_word' id='word_1_360' title='bbox 595 4752 633 4788; x_wconf 85' lang='lat' dir='ltr'>ca.</span> <span class='ocrx_word' id='word_1_361' title='bbox 643 4749 694 4859; x_wconf 43' lang='grc' dir='ltr'>ἐς,</span> <span class='ocrx_word' id='word_1_362' title='bbox 714 4752 756 4805; x_wconf 91' lang='lat' dir='ltr'>qu.</span> <span class='ocrx_word' id='word_1_363' title='bbox 779 4750 818 4803; x_wconf 93' lang='lat'>10,</span> <span class='ocrx_word' id='word_1_364' title='bbox 838 4751 895 4808; x_wconf 89' lang='lat' dir='ltr'>cap.</span> <span class='ocrx_word' id='word_1_365' title='bbox 915 4734 1103 4790; x_wconf 82' lang='lat' dir='ltr'>Fraternitatis.</span> <span class='ocrx_word' id='word_1_366' title='bbox 1140 4735 1166 4788; x_wconf 88' lang='lat' dir='ltr'>S.</span> <span class='ocrx_word' id='word_1_367' title='bbox 1186 4734 1425 4857; x_wconf 66' lang='lat' dir='ltr'>obenS.1qq9t4o.</span> 
     </span>
    </p>
   </div>
   <div class='ocr_carea' id='block_1_7' title="bbox 239 4803 1611 4947">
    <p class='ocr_par' dir='ltr' id='par_1_7' title="bbox 239 4803 1611 4947">
     <span class='ocr_line' id='line_1_42' title="bbox 346 4803 1611 4877; baseline -0.002 -17"><span class='ocrx_word' id='word_1_368' title='bbox 346 4806 482 4860; x_wconf 80' lang='lat' dir='ltr'>’Decret.</span> <span class='ocrx_word' id='word_1_369' title='bbox 497 4805 642 4876; x_wconf 86' lang='lat' dir='ltr'>Gregor.l</span> <span class='ocrx_word' id='word_1_370' title='bbox 671 4804 739 4861; x_wconf 80' lang='lat' dir='ltr'>‚lib</span> <span class='ocrx_word' id='word_1_371' title='bbox 752 4804 798 4859; x_wconf 91' lang='lat' dir='ltr'>IV.</span> <span class='ocrx_word' id='word_1_372' title='bbox 830 4805 872 4860; x_wconf 90' lang='lat' dir='ltr'>De</span> <span class='ocrx_word' id='word_1_373' title='bbox 890 4806 1009 4860; x_wconf 85' lang='lat' dir='ltr'>divortiis</span> <span class='ocrx_word' id='word_1_374' title='bbox 1028 4822 1085 4877; x_wconf 89' lang='lat' dir='ltr'>cap.</span> <span class='ocrx_word' id='word_1_375' title='bbox 1106 4821 1130 4877; x_wconf 88' lang='lat'>9.</span> <span class='ocrx_word' id='word_1_376' title='bbox 1162 4805 1294 4858; x_wconf 90' lang='lat' dir='ltr'>Innocenz</span> <span class='ocrx_word' id='word_1_377' title='bbox 1378 4821 1412 4858; x_wconf 87' lang='lat' dir='ltr'>an</span> <span class='ocrx_word' id='word_1_378' title='bbox 1430 4803 1611 4858; x_wconf 81' lang='lat' dir='ltr'>dieBischofe</span> 
     </span>
     <span class='ocr_line' id='line_1_43' title="bbox 239 4875 1611 4947; baseline 0.001 -19"><span class='ocrx_word' id='word_1_379' title='bbox 239 4895 293 4933; x_wconf 89' lang='lat' dir='ltr'>von</span> <span class='ocrx_word' id='word_1_380' title='bbox 311 4876 430 4932; x_wconf 86' lang='lat' dir='ltr'>Livland.</span> <span class='ocrx_word' id='word_1_381' title='bbox 466 4877 539 4939; x_wconf 89' lang='lat' dir='ltr'>Quia</span> <span class='ocrx_word' id='word_1_382' title='bbox 557 4875 644 4947; x_wconf 87' lang='lat' dir='ltr'>dispar</span> <span class='ocrx_word' id='word_1_383' title='bbox 663 4884 704 4930; x_wconf 91' lang='lat' dir='ltr'>est</span> <span class='ocrx_word' id='word_1_384' title='bbox 722 4877 785 4930; x_wconf 85' lang='lat' dir='ltr'>n&#39;tus</span> <span class='ocrx_word' id='word_1_385' title='bbox 805 4877 831 4930; x_wconf 89' lang='lat' dir='ltr'>in</span> <span class='ocrx_word' id='word_1_386' title='bbox 850 4877 1003 4932; x_wconf 87' lang='lat' dir='ltr'>Livoniensi</span> <span class='ocrx_word' id='word_1_387' title='bbox 1026 4876 1139 4930; x_wconf 87' lang='lat' dir='ltr'>ecclesia</span> <span class='ocrx_word' id='word_1_388' title='bbox 1159 4916 1279 4941; x_wconf 90' lang='lat'>......</span> <span class='ocrx_word' id='word_1_389' title='bbox 1303 4883 1332 4928; x_wconf 89' lang='lat' dir='ltr'>ut</span> <span class='ocrx_word' id='word_1_390' title='bbox 1350 4876 1526 4929; x_wconf 88' lang='lat' dir='ltr'>matrimoniis</span> <span class='ocrx_word' id='word_1_391' title='bbox 1545 4891 1611 4929; x_wconf 90' lang='lat' dir='ltr'>con·</span> 
     </span>
    </p>
   </div>
   <div class='ocr_carea' id='block_1_8' title="bbox 239 4945 1688 5018">
    <p class='ocr_par' dir='ltr' id='par_1_8' title="bbox 239 4945 1688 5018">
     <span class='ocr_line' id='line_1_44' title="bbox 239 4945 1688 5018; baseline -0.003 -15"><span class='ocrx_word' id='word_1_392' title='bbox 239 4949 328 5003; x_wconf 89' lang='lat' dir='ltr'>tractis</span> <span class='ocrx_word' id='word_1_393' title='bbox 347 4965 408 5003; x_wconf 88' lang='lat' dir='ltr'>cum</span> <span class='ocrx_word' id='word_1_394' title='bbox 422 4946 520 5002; x_wconf 87' lang='lat' dir='ltr'>relictis</span> <span class='ocrx_word' id='word_1_395' title='bbox 533 4945 642 5001; x_wconf 85' lang='lat' dir='ltr'>fratrum</span> <span class='ocrx_word' id='word_1_396' title='bbox 656 4954 768 5001; x_wconf 86' lang='lat' dir='ltr'>utantur.</span> <span class='ocrx_word' id='word_1_397' title='bbox 798 4947 860 5001; x_wconf 90' lang='lat' dir='ltr'>Den</span> <span class='ocrx_word' id='word_1_398' title='bbox 873 4948 1072 5003; x_wconf 86' lang='lat' dir='ltr'>neubekehrten</span> <span class='ocrx_word' id='word_1_399' title='bbox 1084 4945 1243 5000; x_wconf 78' lang='lat' dir='ltr'>Livlandern</span> <span class='ocrx_word' id='word_1_400' title='bbox 1256 4945 1348 5000; x_wconf 88' lang='lat' dir='ltr'>wurde</span> <span class='ocrx_word' id='word_1_401' title='bbox 1361 4946 1403 5000; x_wconf 89' lang='lat' dir='ltr'>die</span> <span class='ocrx_word' id='word_1_402' title='bbox 1416 4945 1610 5018; x_wconf 85' lang='lat' dir='ltr'>Beibehaltung</span> <span class='ocrx_word' id='word_1_403' title='bbox 1684 4964 1688 4972; x_wconf 80' lang='grc'>’</span> 
     </span>
    </p>
   </div>
   <div class='ocr_carea' id='block_1_9' title="bbox 239 5016 1453 5090">
    <p class='ocr_par' dir='ltr' id='par_1_9' title="bbox 239 5016 1453 5090">
     <span class='ocr_line' id='line_1_45' title="bbox 239 5016 1453 5090; baseline -0.002 -17"><span class='ocrx_word' id='word_1_404' title='bbox 239 5019 325 5074; x_wconf 86' lang='lat' dir='ltr'>dieser</span> <span class='ocrx_word' id='word_1_405' title='bbox 343 5020 419 5074; x_wconf 87' lang='lat' dir='ltr'>Ehen</span> <span class='ocrx_word' id='word_1_406' title='bbox 438 5026 573 5090; x_wconf 84' lang='lat' dir='ltr'>gestattet,</span> <span class='ocrx_word' id='word_1_407' title='bbox 592 5016 684 5072; x_wconf 91' lang='lat' dir='ltr'>solche</span> <span class='ocrx_word' id='word_1_408' title='bbox 703 5018 766 5071; x_wconf 90' lang='lat' dir='ltr'>aber</span> <span class='ocrx_word' id='word_1_409' title='bbox 785 5017 826 5072; x_wconf 76' lang='lat' dir='ltr'>fur</span> <span class='ocrx_word' id='word_1_410' title='bbox 844 5018 886 5073; x_wconf 90' lang='lat' dir='ltr'>die</span> <span class='ocrx_word' id='word_1_411' title='bbox 905 5017 1016 5072; x_wconf 85' lang='lat' dir='ltr'>Zultunft</span> <span class='ocrx_word' id='word_1_412' title='bbox 1036 5017 1172 5071; x_wconf 87' lang='lat' dir='ltr'>verboten.</span> <span class='ocrx_word' id='word_1_413' title='bbox 1210 5016 1235 5071; x_wconf 85' lang='lat' dir='ltr'>S.</span> <span class='ocrx_word' id='word_1_414' title='bbox 1255 5016 1326 5071; x_wconf 89' lang='lat' dir='ltr'>oben</span> <span class='ocrx_word' id='word_1_415' title='bbox 1345 5017 1391 5071; x_wconf 91' lang='lat' dir='ltr'>Nr.</span> <span class='ocrx_word' id='word_1_416' title='bbox 1412 5033 1453 5088; x_wconf 90' lang='lat'>71.</span> 
     </span>
    </p>
   </div>
   <div class='ocr_carea' id='block_1_10' title="bbox 0 0 1906 5606">
    <p class='ocr_par' dir='ltr' id='par_1_10' title="bbox 0 0 1906 5606">
     <span class='ocr_line' id='line_1_46' title="bbox 0 0 1906 5606; baseline 0 0"><span class='ocrx_word' id='word_1_417' title='bbox 0 0 1906 5606; x_wconf 95' lang='lat' dir='ltr'> </span> 
     </span>
    </p>
   </div>
  </div>
 </body>
</html>
