3820 5592
276 323 341 391 1528
360 318 463 394 Jauuar.

874 503 934 585 lo.
987 504 1041 585 17.

287 658 380 747 Papst
403 657 583 726 Clemens
602 659 672 726 VII.
697 683 737 727 an
760 659 908 728 Kardinal
932 659 1096 748 Wolsey.
1143 658 1292 742 Orvieto,
1317 661 1369 726 28.
1392 659 1506 744 Januar
1534 663 1627 748 1528.

378 817 586 889 Rechtsertr'gung
604 819 648 871 des
665 817 809 873 Kardinols
829 818 986 893 Campeggio
1007 838 1090 891 gagen
1107 818 1354 889 Verddchtigungen,
1376 819 1418 871 die
1436 820 1497 872 tiber
1514 821 1644 875 denselben

273 906 300 957 in
313 904 435 976 Errglartd
452 913 609 976 drugestreut
626 907 739 959 worden.
772 906 893 978 Zugleich
910 907 1085 980 uoradgliches
1098 907 1209 979 Zeugnis
1218 907 1272 978 fur
1283 906 1326 959 die
1344 907 1470 977 ullseitigc
1487 906 1644 980 Tuchtiglreit

273 994 325 1046 und
337 994 553 1065 Zuverldssr'glreit
571 994 614 1047 drs
629 1002 775 1065 genannten
789 995 939 1049 Kordinals.
972 995 1068 1068 Eigene
1081 995 1265 1067 Verteidr'gung
1283 995 1326 1048 des
1341 995 1440 1067 Pupstes
1457 1013 1545 1068 surgen
1563 1000 1645 1050 rainer

273 1080 452 1153 Bemrilrungen
470 1099 513 1135 um
531 1083 580 1135 den
599 1081 716 1136 Frieden.

377 1221 440 1290 Dil.
464 1221 509 1290 fili
531 1234 643 1292 noster
665 1223 719 1291 sal.
758 1224 978 1314 Superioribus
1002 1223 1175 1306 mensibus,
1199 1247 1272 1291 cum
1289 1225 1426 1293 existens
1450 1237 1525 1293 tunc
1549 1227 1643 1295 etiam

273 1327 355 1417 apud
384 1352 445 1396 nos
474 1328 606 1397 dilectus
635 1328 717 1397 filius
744 1329 884 1399 Ubertus
915 1329 954 1398 de
982 1330 1140 1398 Gambara
1170 1330 1287 1399 electus
1311 1329 1532 1399 Terdonensis
1563 1332 1667 1400 interf
1736 1405 1741 1416 ⁸

274 1447 396 1503 ceteros
412 1457 589 1518 sermones,
602 1458 684 1525 quos
700 1434 866 1504 nobiscum
883 1438 1017 1504 nomine
1033 1438 1121 1505 istius
1137 1436 1250 1504 Sermi.
1268 1438 1351 1524 regis
1368 1456 1399 1504 et
1411 1436 1501 1504 Tuae
1517 1460 1645 1527 quoque

274 1541 577 1629 Circumspectionis
608 1539 729 1623 habuit,
760 1542 987 1631 interrogasset
1008 1566 1077 1610 lnos
1108 1541 1289 1631 diligentius
1319 1565 1413 1632 super
1440 1542 1555 1611 dilecto
1578 1542 1645 1610 filio

273 1659 385 1715 nostro
401 1647 572 1715 Laurentio
589 1646 744 1716 cardinale
761 1648 940 1738 Campegio
965 1667 1073 1738 etqua
1096 1649 1121 1715 is
1137 1647 1201 1716 fide
1225 1671 1299 1736 erga
1321 1673 1382 1717 nos
1406 1650 1439 1717 in
1455 1649 1504 1716 his
1527 1651 1645 1717 nostris

273 1752 497 1822 calamitatibus
520 1778 554 1822 se
577 1756 721 1842 gesserit,
745 1766 777 1823 et
800 1777 864 1845 quo
888 1777 949 1823 nos
973 1778 1047 1843 erga
1069 1753 1157 1822 illum
1180 1756 1289 1822 animo
1313 1767 1346 1823 et
1367 1754 1531 1823 voluntate
1561 1779 1645 1824 esse·

273 1881 360 1928 mus:
385 1883 460 1929 sane
483 1859 612 1950 quidem
636 1884 695 1951 pro
716 1863 846 1929 veritate
870 1860 958 1929 lateri
982 1859 1148 1929 debuimus
1172 1880 1203 1928 et
1226 1864 1332 1930 statim
1355 1860 1590 1951 respondimus,
1614 1874 1646 1931 et

273 1966 361 2034 illum
389 1965 452 2035 lide
475 1965 571 2035 luisse
601 1967 751 2056 singulari
778 1979 809 2036 et
832 1991 893 2035 nos
924 1969 1021 2035 ineo
1050 1965 1188 2035 amando
1219 1991 1327 2056 parem
1359 1966 1398 2036 ad
1426 1966 1505 2035 illius
1534 1970 1646 2037 merita
1687 2011 1701 2037 .

274 2073 469 2142 voluntatem
492 2095 614 2160 gerere.
653 2072 754 2155 Quod
777 2085 924 2142 nostrum
945 2097 1148 2163 responsum,
1173 2075 1231 2142 etsi
1254 2075 1357 2162 ipsum
1374 2073 1531 2142 Ubertum
1554 2073 1645 2142 vobis

274 2181 394 2248 sincere
422 2178 565 2248 retulisse
596 2202 663 2247 non
686 2178 887 2268 ambigimus,
915 2181 1068 2269 quoniam
1096 2199 1205 2248 tamen
1234 2179 1329 2248 nobis
1355 2191 1467 2268 postea
1495 2180 1576 2248 illius
1599 2181 1645 2247 in·

273 2287 497 2373 terrogationis
520 2309 628 2354 causas
652 2285 833 2375 diligentius
860 2285 1045 2355 rimantibus
1068 2309 1104 2354 ac
1127 2284 1395 2375 perpendentibus
1424 2286 1645 2369 intelleximus,

274 2390 306 2460 id
328 2390 416 2482 quod
440 2391 589 2460 omnibus
619 2391 685 2461 lere
714 2394 747 2460 in
770 2392 849 2460 locis
872 2394 993 2475 evenit,
1022 2416 1092 2460 esse
1116 2393 1211 2461 etiam
1240 2393 1324 2475 istic,
1352 2392 1405 2481 qui
1429 2391 1561 2459 aliorum
1586 2393 1646 2460 vir-

273 2498 391 2568 tutibus
410 2497 623 2567 obtrectantes
646 2510 760 2567 cuncta
782 2500 816 2566 in
832 2498 1025 2567 deteriorem
1048 2517 1170 2588 partem
1190 2496 1410 2587 detorqueant,
1434 2521 1544 2565 sumus
1566 2497 1646 2565 arbi·

274 2606 355 2687 trati,
381 2616 413 2672 et
430 2602 540 2672 officio
559 2604 688 2695 quidem
711 2606 893 2673 innocentis
917 2618 948 2672 et
971 2603 1164 2693 gratitudini,
1188 2626 1282 2692 quam
1306 2605 1426 2670 meritis
1450 2602 1524 2672 dicti
1549 2603 1646 2672 cardi·

275 2710 352 2779 nalis
368 2709 531 2793 debemus,
555 2733 743 2799 congruere,
767 2734 833 2778 non
850 2712 924 2799 pati,
948 2710 1146 2778 acalumniis
1170 2710 1307 2798 opprimi
1322 2711 1498 2778 veritatem.
1537 2711 1645 2800 ltaque

275 2814 347 2886 dicti
372 2817 484 2886 Uberti
505 2816 692 2887 relationem
717 2816 864 2906 subsequi
889 2817 938 2884 his
962 2817 1090 2900 nostris,
1113 2837 1304 2905 quamquam
1328 2815 1462 2884 minime
1485 2826 1519 2883 ut
1542 2839 1645 2905 spera-

274 2947 345 2992 mus
367 2925 551 2992 necessariis
574 2923 749 3007 voluimus,
779 2948 821 2991 ne
850 2921 925 3012 quid
953 2921 1036 3011 apud
1059 2944 1119 2991 vos
1148 2921 1296 2990 alienoris
1327 2943 1402 3011 erga
1430 2921 1519 2990 illum
1547 2924 1645 2990 animi

275 3030 436 3097 immerito
466 3028 633 3114 resideret,
665 3052 737 3097 cum
768 3053 829 3098 nos
859 3028 951 3097 vobis
973 3030 1085 3099 iustius
1116 3040 1148 3097 et
1170 3029 1275 3096 verius
1298 3048 1444 3096 nostrum
1474 3028 1537 3096 hoc
1560 3031 1646 3099 testi·

275 3137 422 3205 monium
444 3134 613 3225 praebituri
636 3137 746 3218 simus,
770 3159 863 3226 quam
889 3137 941 3226 qui
965 3134 1005 3202 de
1025 3134 1141 3203 eodem
1166 3134 1321 3203 cardinale
1344 3133 1426 3224 apud
1449 3158 1508 3203 vos
1531 3137 1646 3204 iniuste

275 3241 475 3311 detraxerint.
510 3241 670 3310 Nolumus
687 3242 773 3310 enim
786 3241 1117 3331 Circumspectionem
1129 3242 1234 3309 Tuam
1252 3242 1440 3324 existimare,
1452 3264 1645 3331 quemquam

275 3360 306 3416 te
334 3368 366 3417 et
395 3349 489 3416 istum
513 3347 672 3416 Sermoni.
703 3371 813 3436 regem
844 3347 958 3416 habere
989 3349 1021 3414 in
1051 3348 1112 3415 hoc
1143 3349 1234 3415 omni
1260 3345 1485 3415 venerabilium
1514 3346 1645 3416 fratrum

275 3466 459 3522 nostrorum
483 3455 515 3522 S.
540 3456 577 3523 R.
601 3454 635 3521 E.
660 3452 864 3523 cardinalium
888 3454 1036 3542 collegi0,
1065 3452 1152 3543 quod
1175 3454 1292 3543 alioqui
1314 3452 1405 3521 vobis
1435 3476 1509 3542 prae
1539 3455 1646 3542 singu·

275 3560 387 3630 laribus
410 3562 522 3630 vestris
550 3583 625 3650 erga
648 3559 764 3628 Sedem
788 3560 1009 3649 Apostolicam
1034 3561 1155 3628 meritis
1177 3571 1283 3628 totum
1307 3572 1354 3628 est
1377 3559 1569 3643 obnoxium,
1592 3561 1646 3649 qui

275 3665 448 3736 devotione
464 3679 557 3756 atque
573 3665 772 3734 observantia
788 3689 862 3756 erga
877 3689 937 3735 vos
960 3666 1010 3733 isti
1027 3664 1174 3733 cardinali
1190 3666 1369 3755 Campegio
1386 3668 1511 3755 aequari
1534 3667 1645 3754 possit.

276 3773 480 3864 Quamquam
504 3772 579 3863 quid
599 3771 690 3842 vobis
714 3784 746 3841 et
768 3771 917 3840 omnibus
941 3783 989 3840 est
1012 3771 1132 3855 clarius,
1157 3794 1252 3861 quam
1275 3770 1355 3838 illius
1379 3773 1503 3840 animus
1527 3783 1558 3839 et
1582 3795 1646 3840 ser·

274 3881 356 3949 vitus
378 3891 486 3949 vestro
510 3880 634 3946 nomini
658 3877 712 3946 diu
734 3879 797 3946 iam
820 3876 936 3961 dicata,
964 3901 1038 3945 cum
1061 3879 1087 3944 is
1111 3889 1142 3945 et
1164 3876 1243 3945 locis
1267 3895 1298 3946 et
1322 3877 1408 3945 horis
1432 3877 1581 3946 omnibus
1605 3878 1645 3946 de

275 3988 386 4055 vestn's
409 3985 663 4075 praeclarissimis
678 3983 845 4053 virtutibus
867 3983 1046 4073 praedicare
1070 4005 1232 4073 nunquam
1252 3982 1416 4051 destiterit.
1455 3984 1562 4074 ltaque
1579 4008 1646 4051 non

276 4094 380 4160 minus
404 4093 436 4160 bi
459 4091 587 4182 quidem
611 4089 713 4173 vobis,
736 4114 829 4181 quam
855 4089 959 4159 eidem
983 4089 1130 4159 cardinali
1154 4090 1275 4158 inimici
1298 4089 1394 4158 luisse
1412 4089 1569 4173 videntur,
1593 4092 1646 4180 qui

276 4199 441 4267 hominem
470 4221 508 4267 ea
529 4199 644 4267 virtute
672 4216 704 4265 et
726 4198 911 4265 auctoritate
938 4194 1115 4285 praeditum
1138 4194 1293 4285 vobisque
1323 4198 1416 4264 unice
1444 4194 1587 4264 deditum
1611 4218 1647 4262 ac

277 4304 429 4374 devotum
453 4323 611 4372 conentur
633 4327 651 4371 a
673 4315 776 4372 vestra
799 4301 973 4371 devotione
997 4321 1149 4385 avertere,
1173 4301 1261 4391 quod
1283 4314 1392 4370 tamen
1416 4326 1588 4392 numquam
1613 4312 1648 4369 ut

276 4411 420 4480 videmus
452 4422 668 4500 assequentur,
699 4432 771 4476 cum
801 4406 888 4478 idem
919 4407 1082 4477 cardinalis
1115 4407 1198 4476 nulla
1229 4407 1415 4496 indignitate
1447 4421 1501 4478 aut
1529 4408 1646 4475 horum

278 4519 498 4585 criminatione
525 4539 543 4584 a
564 4527 672 4585 vestro
703 4513 788 4584 cultu
811 4530 843 4583 et
866 4513 1065 4583 observantia
1087 4512 1200 4581 abduci
1222 4517 1333 4603 possit.
1379 4515 1445 4596 Qui
1469 4515 1496 4580 si
1520 4516 1552 4580 in
1576 4536 1646 4580 sen-

277 4624 382 4692 tentiis
404 4625 438 4691 in
454 4640 564 4691 senatu
588 4621 765 4710 apostolico
789 4619 930 4689 dicendis
953 4620 992 4688 ad
1011 4621 1152 4710 quietem
1176 4639 1207 4687 et
1223 4618 1429 4686 concordiam
1453 4616 1646 4685 suadendam

278 4729 399 4799 videtur
426 4729 521 4797 fuisse
544 4729 744 4817 propensior,
772 4727 820 4794 his
845 4729 939 4795 etiam
968 4750 1029 4794 nos
1052 4728 1085 4793 in
1109 4738 1229 4814 partem
1263 4723 1355 4791 huius
1379 4723 1488 4811 culpae
1510 4723 1647 4791 vocandi

278 4860 396 4920 sumus,
419 4838 473 4927 qui
489 4847 520 4904 et
535 4846 645 4902 natura
667 4834 806 4901 maxime
828 4834 922 4921 proni
946 4851 977 4900 et
993 4829 1101 4899 officio
1125 4853 1193 4898 non
1216 4830 1321 4896 minus
1338 4826 1494 4916 compulsi
1518 4829 1550 4896 in
1566 4828 1647 4896 hanc

279 4965 345 5012 rem
368 4943 496 5024 fuimus,
519 4964 613 5031 quam
638 4953 670 5009 et
685 4939 758 5006 Deo
781 4940 997 5027 omnipotenti
1020 4948 1181 5024 acceptam
1197 4953 1230 5002 et
1246 4935 1366 5001 cunctis
1390 4931 1558 5000 salutarem
1579 4932 1648 5001 sore

1489 5057 1516 5101 ².
