3836 5598
252 355 319 412 1529
337 341 464 396 Oktober.
1557 325 1619 387 133

249 501 301 553 atad
313 499 397 571 Klage
414 499 537 553 desselben
553 517 635 570 gagen
653 499 702 551 den
717 497 792 570 Papst
811 497 864 549 rand
878 496 1043 569 Campeggio,
1063 497 1232 550 versolmende
1248 496 1375 567 Wirleunp
1393 497 1435 549 des
1447 497 1542 550 Breues
1560 515 1620 550 vom

250 604 290 659 ²9·
310 587 417 660 August.
449 587 571 642 Absehierl
588 588 630 641 das
649 586 791 640 Kardinals
810 586 863 638 rand
882 586 985 638 Abrea‘se
1002 603 1055 639 uon
1073 585 1188 639 london.
1226 584 1360 657 Engllsche
1375 583 1567 656 Gesandtsclrast
1586 603 1621 639 aa

249 676 296 729 den
318 676 418 731 Kaiser.

354 816 535 906 Magnifice.
570 818 689 884 Vostra
704 816 850 904 Signoria
874 818 942 882 sara
964 826 1042 882 stata
1065 814 1157 881 molti
1173 815 1279 902 giomi
1303 838 1396 882 senza
1420 815 1483 881 mie
1499 813 1621 895 lettere,

250 937 281 990 et
304 923 331 990 la
356 947 446 992 causa
471 928 489 991 e
512 936 605 1005 stata,
635 924 693 990 che
716 921 864 989 havendo
887 922 920 988 io
944 923 1045 1010 prima
1072 921 1190 1009 scripto
1213 921 1267 1009 piri
1290 919 1376 987 volte
1400 933 1431 988 et
1454 918 1622 1008 capitando

250 1030 302 1118 qui
330 1053 346 1096 a
372 1029 486 1097 diversi
514 1029 624 1097 lettere
653 1052 745 1096 senza
773 1030 870 1095 niuna
897 1051 914 1094 a
943 1050 1010 1109 me,
1040 1031 1081 1093 ne
1109 1025 1140 1093 di
1163 1026 1204 1092 V.
1229 1026 1271 1107 S,
1299 1029 1340 1093 ne
1370 1025 1486 1109 d'altri,
1514 1025 1621 1114 pensai

250 1159 344 1204 come
365 1138 465 1204 'ancor
488 1135 595 1218 cred0,
620 1134 730 1203 ch’elle
754 1136 798 1200 mi
822 1133 944 1201 lussino
967 1135 1158 1221 intercepte,
1185 1131 1308 1200 benche
1332 1155 1447 1200 ancora
1471 1155 1527 1221 per
1550 1131 1623 1200 l’ab-

251 1244 349 1310 sentia
378 1243 428 1310 del
455 1266 489 1310 re
518 1254 549 1310 et
572 1243 667 1311 Rmo.
693 1240 891 1309 Eboracense
922 1242 955 1307 io
979 1263 1046 1307 non
1075 1240 1205 1307 havesse
1234 1261 1308 1306 cosa
1338 1238 1442 1327 degna
1470 1238 1622 1307 d'adviso.

250 1350 382 1416 Havevo
406 1373 487 1416 anco
510 1350 622 1416 notitia
646 1348 686 1416 de
709 1348 737 1415 la
759 1348 962 1428 avocatione,
987 1347 1136 1414 citatione
1160 1358 1192 1413 et
1215 1345 1419 1427 inhibitione,
1449 1347 1543 1413 etiarn
1567 1368 1624 1435 per

251 1454 389 1524 edictum
413 1457 552 1524 constito
576 1455 615 1523 de
639 1477 706 1521 non
730 1466 800 1522 tuto
823 1477 962 1535 accessu,
986 1452 1072 1520 onde
1095 1464 1257 1541 aspettavo
1281 1475 1349 1540 pur,
1380 1453 1438 1519 che
1461 1450 1490 1518 le
1513 1451 1624 1519 lettere

250 1574 281 1629 et
308 1560 395 1629 brevi
423 1562 593 1629 authentici
619 1562 807 1650 capitassino
831 1571 862 1627 et
885 1561 912 1626 si
939 1571 1067 1648 potesse
1095 1558 1160 1626 fare
1183 1557 1243 1625 tale
1272 1570 1354 1640 actu,
1383 1559 1441 1625 che
1464 1556 1558 1625 nobis
1581 1557 1624 1625 le-

249 1669 329 1756 gatis
353 1687 459 1735 essent
482 1668 595 1756 ligatae
618 1691 742 1749 manus,
774 1667 832 1733 che
856 1667 908 1754 gia
930 1664 1010 1733 altro
1033 1687 1102 1732 non
1125 1666 1170 1730 mi
1193 1676 1314 1732 restava
1337 1662 1376 1730 da
1399 1662 1463 1731 fare
1487 1686 1543 1752 per
1566 1686 1623 1752 po-

249 1786 316 1842 tere
345 1773 527 1841 dimandare
555 1773 695 1854 licentia,
727 1785 758 1840 et
787 1775 853 1840 cosl
882 1794 948 1838 non
978 1772 1022 1837 mi
1051 1781 1168 1859 poteva
1196 1780 1330 1837 mettere
1353 1793 1371 1836 a
1394 1770 1540 1838 scrivere.
1587 1770 1625 1837 Et

249 1880 364 1948 stando
392 1881 434 1947 in·
448 1898 557 1969 questa
581 1880 800 1968 expectatione
828 1876 872 1945 fui
895 1879 1047 1945 ricercato
1072 1875 1120 1943 dal
1144 1877 1239 1944 Rmo.
1264 1874 1462 1943 Eboracense
1486 1900 1504 1943 a
1526 1888 1624 1944 trans-

249 1986 368 2054 ferirmi
392 1985 430 2053 ad
456 2010 516 2053 una
539 2009 595 2053 sua
610 1985 681 2053 villa
706 1983 791 2053 detta
805 1984 910 2067 More,
935 1982 1017 2051 dove
1041 1984 1081 2050 ha
1104 2006 1147 2053 un
1163 1981 1336 2050 bellissimo
1360 1982 1485 2071 palazzo
1511 2000 1542 2050 et
1558 1984 1625 2049 cosi

250 2094 280 2159 vi
303 2091 411 2175 andai,
440 2104 471 2160 et
494 2092 514 2159 il
538 2091 568 2159 di
592 2103 746 2180 seguente
775 2089 814 2157 da
836 2089 865 2156 la
892 2091 956 2157 mia
978 2101 1109 2170 veneta,
1139 2088 1197 2156 che
1221 2087 1253 2155 fu
1282 2087 1332 2155 alli
1355 2089 1385 2154 V
1410 2087 1460 2156 det
1488 2107 1624 2177 passato,

251 2198 288 2266 da
312 2199 340 2266 la
368 2218 456 2266 corte
485 2198 536 2266 del
564 2222 598 2265 re
621 2222 639 2265 a
662 2198 724 2265 Sua
746 2197 894 2285 Signoria
916 2197 1006 2265 Rma.
1036 2194 1153 2263 lurono
1177 2194 1317 2262 mandati
1341 2193 1394 2261 dui
1421 2193 1508 2263 brevi
1536 2205 1624 2262 sotto

250 2304 278 2372 la
301 2305 475 2373 medesima
500 2304 585 2387 data,
613 2303 709 2372 credo
734 2302 765 2371 di
788 2303 868 2370 XIX
892 2301 924 2370 di
947 2301 1056 2390 luglin,
1083 2301 1172 2369 l'uno
1196 2323 1290 2390 sopra
1313 2300 1341 2367 la
1365 2300 1624 2369 confederatione

250 2412 324 2482 latta
348 2436 409 2481 con
434 2412 567 2492 Cesare,
594 2410 696 2478 l’altro
719 2433 814 2498 sopra
841 2409 869 2476 la
891 2409 1080 2476 avocatione
1090 2414 1111 2490 ¹,
1140 2421 1172 2476 et
1194 2406 1343 2475 vedendo
1367 2409 1399 2473 in
1423 2406 1511 2474 l'uno
1536 2419 1567 2474 et
1590 2408 1623 2473 in

251 2519 351 2588 l'altro
369 2518 521 2587 credenza
545 2519 577 2584 in
600 2541 665 2598 me,
689 2528 719 2584 et
743 2539 811 2584 non
828 2517 1004 2604 comparire
1028 2514 1104 2583 altre
1119 2514 1241 2598 lettere,
1265 2516 1310 2581 mi
1333 2514 1439 2582 alterai
1463 2511 1623 2603 alquanto,

252 2638 282 2695 et
305 2628 331 2693 si
353 2624 421 2693 fece
446 2625 523 2713 ogni
548 2622 708 2712 diligentia
732 2644 787 2711 per
809 2621 988 2704 ritrovarle,
1012 2645 1064 2688 ma
1087 2644 1154 2688 non
1178 2622 1209 2689 vi
1232 2619 1265 2688 fu
1288 2619 1411 2702 ordine,
1438 2617 1624 2686 scusandosi

252 2734 322 2815 essi,
347 2733 405 2799 che
429 2754 447 2797 a
468 2729 540 2797 loro
564 2732 650 2797 mani
673 2752 741 2796 non
766 2752 863 2796 erano
887 2729 1029 2816 capitate.
1076 2726 1203 2795 Tamen
1225 2726 1246 2793 li
1270 2725 1347 2794 detti
1370 2725 1457 2793 brevi
1479 2748 1623 2794 venneto

252 2841 283 2906 in
306 2851 428 2927 temp0‚
452 2835 569 2926 perche
592 2858 687 2924 sopra
710 2836 771 2903 essi
794 2835 819 2901 si
843 2833 961 2902 fabrico
989 2832 1090 2901 modo
1115 2832 1146 2900 di
1169 2833 1233 2900 lare
1256 2832 1285 2900 la
1308 2833 1509 2901 intimatione
1533 2830 1571 2900 de
1595 2830 1623 2898 la

251 2946 437 3013 avocatione
461 2942 500 3010 ad
524 2942 645 3025 effetto,
673 2943 732 3009 che
755 2941 848 3008 nobis
875 2940 985 3029 legatis
1010 2952 1115 3008 essent
1139 2940 1275 3006 omnino
1298 2938 1411 3027 ligatae
1440 2962 1563 3022 manus,
1593 2950 1624 3006 et

251 3053 304 3141 qui
327 3049 358 3118 lu
376 3050 414 3118 da
431 3048 608 3117 consultare
632 3049 711 3115 assai
728 3059 758 3115 et
774 3070 833 3136 pro
849 3059 936 3135 parte
959 3047 1042 3135 regis
1066 3058 1097 3113 et
1112 3069 1170 3135 pro
1187 3057 1274 3134 parte
1298 3047 1434 3133 reginae.
1474 3044 1621 3112 Tandem

252 3158 277 3223 si
301 3156 450 3225 concluse
478 3179 541 3223 una
567 3154 671 3222 forma
699 3153 947 3236 d'intimatione‚
977 3152 1005 3219 la
1028 3151 1119 3242 quale
1147 3175 1202 3241 per
1231 3175 1274 3220 un
1298 3163 1503 3240 procuratore
1532 3150 1623 3219 dela

251 3266 337 3331 reina
360 3265 388 3331 ci
416 3263 448 3331 lu
472 3261 546 3329 farta
575 3262 608 3327 in
631 3261 737 3327 buona
768 3259 886 3343 forma,
917 3271 1035 3348 quanto
1064 3258 1101 3326 ad
1132 3259 1216 3326 hunc
1245 3258 1408 3340 effectum,
1437 3256 1526 3346 quod
1554 3280 1621 3324 non

252 3370 411 3457 possimus
434 3392 494 3436 nec
517 3368 626 3456 aliquis
649 3379 796 3435 nostrum
819 3367 920 3455 possit
942 3366 1022 3434 ultra
1045 3366 1212 3455 quicquam
1236 3376 1398 3433 attentare.

356 3475 447 3543 Fatto
472 3493 584 3564 questo
609 3472 735 3557 mandai
758 3497 776 3540 a
799 3470 981 3540 dimandare
1006 3470 1163 3539 audientia
1185 3470 1213 3538 ai
1235 3493 1280 3552 re,
1310 3470 1338 3536 la
1362 3468 1452 3559 quale
1475 3491 1530 3557 per
1553 3467 1621 3535 l’ar·

252 3584 320 3649 rivo
344 3581 376 3650 di
402 3605 446 3648 un
470 3593 596 3648 oratore
621 3578 650 3646 di
675 3579 792 3646 Cesare
819 3580 851 3645 in
875 3577 970 3668 quelli
997 3578 1123 3666 giomi²
1145 3578 1190 3643 mi
1212 3575 1245 3643 fu
1268 3574 1413 3643 ritardata
1444 3598 1505 3642 una
1528 3575 1622 3662 septi-

251 3712 359 3771 mana,
388 3701 419 3754 et
441 3689 565 3755 intanto
589 3687 778 3775 capitorono
800 3686 830 3752 le
854 3683 1030 3773 dupplicate
1059 3682 1090 3750 di
1114 3684 1154 3749 V.
1179 3682 1210 3749 S.
1236 3681 1267 3749 di
1295 3681 1373 3748 XIX
1398 3699 1430 3749 et
1453 3681 1562 3747 XXIII
1590 3679 1620 3747 di

251 3792 360 3882 luglio,
390 3805 499 3862 tenute
528 3792 596 3859 fino
625 3791 653 3858 al
680 3791 785 3881 primo
814 3789 971 3877 d'agosto,
1001 3809 1031 3857 et
1056 3789 1084 3856 le
1112 3790 1213 3877 prime
1242 3811 1303 3856 con
1333 3787 1361 3854 la
1389 3786 1621 3875 capitulatione,

252 3900 360 3968 ch'ella
391 3901 491 3968 scrive
521 3898 617 3966 havet
648 3896 795 3965 mandate
824 3909 855 3965 et
886 3896 982 3963 havet
1011 3894 1131 3977 advis0,
1164 3894 1274 3962 ch'elle
1304 3896 1467 3961 havevano
1496 3905 1621 3981 passato

251 4008 412 4088 Fiorenza,
436 4029 504 4073 non
521 4025 725 4094 comparsero
741 4004 815 4070 mai.
855 4001 957 4070 Andai
973 4000 1119 4091 adunque
1143 4000 1204 4067 ala
1220 4000 1342 4068 Maesta
1363 4001 1450 4087 regia
1466 3998 1495 4066 al
1509 4012 1620 4088 tempo

251 4125 379 4195 statuto,
408 4131 440 4179 et
463 4110 573 4179 vuolse
600 4111 628 4177 la
652 4111 758 4177 buona
787 4121 888 4191 sorte,
918 4110 977 4176 che
1005 4106 1077 4198 quel
1106 4106 1137 4174 dl
1160 4106 1350 4189 medesim0,
1378 4107 1482 4174 avanti
1510 4105 1569 4173 che
1592 4105 1621 4172 le

253 4260 460 4268 ---.,.-.———-

357 4351 367 4381 ¹
385 4343 441 4396 Das
455 4343 539 4396 Breve
559 4341 623 4395 uber
641 4341 693 4394 den
705 4339 847 4394 Abschluss
866 4339 913 4393 des
926 4336 1051 4392 Friedens
1069 4338 1119 4392 mit
1131 4336 1194 4391 Karl
1207 4337 1240 4391 V.
1259 4336 1330 4391 steht
1343 4337 1420 4390 Brev.
1433 4336 1497 4389 min.
1510 4334 1552 4389 ct.
1562 4334 1620 4388 VII.

252 4414 304 4469 vol.
324 4415 365 4480 26,
384 4432 409 4467 n.
430 4414 489 4485 296,
509 4412 636 4483 gedruckt
656 4410 845 4483 beiRaynald,
867 4424 942 4482 1529,
961 4427 986 4463 n.
1007 4407 1049 4475 66,
1072 4413 1143 4532 tralpt
1162 4408 1225 4461 aber
1243 4407 1289 4462 das
1308 4407 1407 4461 Datum
1426 4422 1490 4458 vona
1507 4405 1546 4458 18.
1561 4403 1620 4475 Juli.

252 4485 306 4538 Das
325 4485 410 4538 Breve
428 4501 492 4537 vom
515 4499 554 4565 19.
573 4482 625 4554 Juli
643 4483 708 4535 uber
726 4482 768 4535 die
787 4481 954 4535 Revokation
973 4497 993 4534 s.
1014 4480 1084 4533 oben
1130 4497 1149 4533 r.
1172 4480 1210 4547 58.

357 4562 368 4592 ²
385 4554 481 4608 Dieser
497 4552 599 4615 karserl.
619 4552 755 4607 Gesandte
774 4553 807 4606 ist
826 4552 982 4606 Eustachius
1002 4549 1128 4621 Chapuis,
1147 4547 1243 4603 dessen
1262 4546 1620 4619 Beglaubigungssclrreiben

251 4626 333 4680 durch
351 4626 403 4679 den
421 4625 515 4678 Katser
532 4642 603 4678 zwar
621 4632 674 4706 erst
693 4639 756 4678 vorn
775 4637 816 4689 24.
836 4622 994 4704 September
1014 4636 1088 4691 1529,
1108 4637 1154 4673 aus
1167 4620 1296 4702 Piacenza
1314 4617 1408 4671 datiert
1427 4617 1554 4699 (Brener,
1574 4616 1619 4670 IV.

252 4687 1620 4840 insatiatastatuttattestataamitttatstlattaria-[altstat

252 4838 320 4891 Iiche
338 4837 504 4907 Einlr'rhrung
521 4837 548 4889 in
567 4837 610 4890 die
629 4835 774 4890 Geschalte
794 4844 848 4889 erst
865 4852 910 4889 arn
928 4834 952 4890 6.
973 4832 1094 4887 Oktober
1112 4830 1235 4901 erfolgte.
1272 4831 1298 4883 S.
1317 4845 1391 4883 seme
1408 4827 1554 4882 Schreiben
1573 4845 1621 4882 aus

252 4907 408 5032 Septembler
426 4907 479 5032 ild
492 4906 614 5031 Olrtlolber
631 4907 675 4960 bei
687 4905 842 4978 Gayangos,
862 4905 907 4960 ΙΙΙ.
926 4922 951 4975 p.
975 4905 1031 4975 189,
1047 4918 1104 4974 195,
1119 4917 1177 4968 222,
1192 4916 1250 4970 271.
1287 4898 1446 4954 Friedmaun
1464 4897 1481 4953 l.
1499 4915 1522 4952 c.
1542 4899 1620 4952 chro-

252 4980 375 5051 noogica
403 4988 429 5032 ta
459 4994 517 5049 ep.
573 5020 578 5032 .
