3802 5606
251 348 318 404 11111
339 343 541 404 10011110111111.
1561 334 1620 400 XII

356 510 478 577 Romae
502 506 552 576 die
576 508 661 575 XIII.
686 509 788 576 martii
818 529 899 596 1532
929 505 986 577 luit
1010 509 1139 577 consist.
1186 508 1387 597 Disputatunr
1415 507 1472 576 fuit
1502 508 1624 597 publice

251 617 331 683 inter
354 612 526 682 advocatos
550 637 644 702 snper
667 614 925 682 conclusionibus
954 614 1116 704 publicatis
1147 618 1177 681 in
1202 638 1293 681 causa
1317 612 1491 701 Anglicana
1520 617 1626 682 matri·

251 722 352 788 monii
375 722 444 787 sine
468 721 551 807 tegis
576 722 770 787 excusatoris
794 719 999 788 admissione.

358 827 480 894 Rornae
504 825 554 893 die
571 825 644 892 XV.
669 828 772 894 martii
794 847 887 914 1532.
934 828 1137 914 Disputatum
1161 850 1255 915 super
1271 826 1529 894 conclusionibus
1553 826 1626 893 alias

251 931 412 1020 publicatis
436 934 467 998 in
493 955 583 999 causa
600 932 776 1019 Anglicana
799 933 993 1001 matrimonii
1019 934 1087 1000 sine
1105 935 1297 1000 excusaturis
1320 934 1404 1018 regis
1420 930 1625 1000 admissione.

359 1039 480 1106 Romae
504 1037 555 1105 die
583 1039 729 1106 mercurii
760 1039 811 1106 IIl.
836 1037 939 1127 aprilis
967 1058 1059 1125 1531.
1106 1038 1176 1106 Fuit
1207 1039 1448 1120 consistorium,
1478 1058 1511 1105 ut
1540 1038 1626 1106 audi-

253 1155 360 1212 rentur
390 1145 421 1211 in
456 1167 546 1211 causa
577 1144 752 1231 Anglicana
784 1157 960 1228 excusator,
993 1143 1179 1226 advocatus,
1212 1163 1433 1233 procuratores
1466 1146 1626 1233 utriusque

252 1252 357 1339 partis,
377 1249 489 1339 quibus
505 1248 605 1317 fuerat
622 1247 801 1319 intimatum
821 1274 880 1339 pro
898 1251 976 1318 hora
991 1251 1093 1331 XXI,
1118 1269 1148 1318 et
1167 1251 1322 1337 expectati
1337 1249 1375 1317 ad
1393 1249 1504 1317 horam
1522 1250 1625 1318 XXII.

253 1381 318 1424 non
344 1368 599 1445 comparuerunt.

358 1463 482 1530 Romae
506 1461 556 1529 die
580 1465 728 1530 mercurii
752 1464 793 1531 X.
811 1464 914 1552 aprilis
936 1484 970 1549 15
978 1483 1017 1550 32
1042 1462 1100 1531 fuit
1123 1465 1253 1531 consist.
1293 1463 1551 1550 Cornparuerunt
1576 1486 1628 1529 ex·

253 1582 378 1636 cusator
400 1570 483 1656 regis
499 1568 633 1656 Angliae
658 1593 731 1636 curn
754 1593 814 1637 suo
830 1568 1001 1652 advocat03
1031 1568 1174 1637 advocati
1200 1581 1231 1637 et
1254 1581 1474 1657 procuratores
1498 1570 1627 1655 reginae

253 1698 319 1742 non
344 1688 603 1763 comparuerunt.
650 1675 824 1743 Excusatot
853 1674 930 1744 dixit
957 1675 1119 1743 Sanctitati
1143 1675 1240 1756 Suae,
1269 1673 1356 1763 quod
1385 1674 1457 1742 licet
1484 1672 1628 1741 advocati

253 1781 347 1869 partis
370 1777 519 1848 adversae
542 1803 609 1848 non
630 1783 875 1870 comparuerint,
899 1805 966 1848 non
990 1794 1098 1849 tamen
1122 1783 1189 1869 ipse
1210 1792 1329 1849 ceteras
1354 1779 1576 1847 conclusiones
1596 1782 1627 1846 in

253 1886 319 1953 aliis
343 1888 539 1953 consistoriis
563 1885 734 1974 disputatas
758 1888 896 1969 omittet,
920 1886 957 1954 ad
974 1885 1061 1975 quod
1085 1884 1249 1974 respondit
1271 1885 1425 1956 Sanctitas
1449 1885 1520 1969 Sua,
1545 1905 1578 1953 ut
1602 1887 1627 1953 si

254 1991 328 2082 quid
352 1990 457 2060 dicere
480 1992 607 2074 vellent,
631 1994 663 2058 in
688 1993 753 2060 aliis
778 1992 1036 2061 conclusionibus
1059 2006 1135 2060 tunc
1158 1990 1310 2059 dicerent.
1358 1991 1414 2081 (A.
1440 1991 1460 2058 I.
1485 1992 1574 2082 197.)

360 2099 481 2166 Rornae
506 2098 557 2166 die
572 2099 676 2166 XVII.
701 2100 804 2188 aprilis
826 2121 860 2185 15
868 2120 907 2187 31
931 2099 989 2167 fuit
1005 2096 1134 2166 consist.
1182 2098 1362 2187 Allegatum
1386 2098 1444 2166 fuit
1467 2121 1524 2187 pro
1541 2110 1628 2187 parte

253 2206 337 2292 regis
352 2205 497 2292 Angliae,
521 2207 650 2273 nemine
675 2206 924 2289 contradicente,
948 2230 1057 2293 regern
1082 2208 1115 2273 in
1132 2229 1223 2273 causa
1248 2204 1473 2272 matrimoniali
1490 2206 1629 2273 instante

255 2313 384 2378 notorio
412 2311 645 2400 impedimento
674 2336 741 2380 non
770 2314 870 2381 teneri
899 2314 1007 2381 venire
1036 2310 1074 2379 ad
1099 2311 1236 2394 Urbem,
1262 2313 1354 2379 etiarn
1385 2311 1472 2378 nullo
1501 2335 1559 2398 pru
1588 2334 1628 2378 eo

254 2416 408 2504 allegante
424 2416 544 2485 dictum
562 2417 838 2507 impedimentum,
852 2429 954 2487 stante
971 2418 1051 2484 illius
1067 2417 1270 2499 notorietate,
1288 2440 1416 2484 necnon
1433 2417 1628 2484 Sanctissirni

255 2543 357 2611 partes
381 2547 461 2606 esse,
485 2547 610 2592 causam
635 2523 817 2593 huiusmodi
841 2548 880 2592 ex
896 2526 996 2592 causis
1020 2523 1164 2612 praelatis
1188 2536 1274 2592 extra
1290 2522 1410 2591 Urbem
1436 2525 1467 2591 in
1492 2522 1629 2611 partibus

255 2631 287 2695 in
304 2628 377 2696 loco
401 2631 524 2718 utrique
541 2632 675 2718 partium
700 2643 770 2698 tuto
787 2629 933 2718 delegare
958 2632 1192 2699 1111111111111.1
1233 2628 1444 2696 Postmodum
1464 2648 1629 2696 excusator

255 2747 446 2823 protestatus
462 2748 510 2803 est
532 2735 729 2804 inhaerendo
745 2736 910 2824 praedictis
931 2735 1220 2825 protestationibus,
1245 2735 1332 2825 quod
1353 2758 1408 2824 per
1425 2734 1629 2823 allegationes

257 2861 287 2909 et
311 2840 539 2928 disputationes
563 2843 725 2932 hucusque
749 2840 843 2910 factas
868 2866 935 2909 non
959 2840 1136 2930 praetendit
1159 2841 1351 2909 satisfactum
1372 2864 1440 2908 esse
1464 2840 1630 2908 111111011-

256 2946 449 3015 clusionibus
472 2971 528 3035 per
552 2972 625 3015 eum
654 2949 816 3038 hucusque
839 2969 906 3015 non
930 2948 1108 3037 publicatis,
1132 2971 1208 3037 quas
1233 2946 1435 3035 disputandas
1460 2970 1528 3015 esse
1552 2949 1630 3036 petit

258 3065 288 3121 et
311 3052 474 3142 supplicat,
498 3053 637 3143 alioquin
661 3067 863 3144 protestatur.
910 3054 966 3144 (A.
992 3053 1012 3122 f.
1042 3053 1130 3143 198.)

361 3159 486 3227 Rornae
509 3159 559 3227 die
584 3161 653 3228 VH.
677 3162 754 3228 iunii
783 3181 863 3248 1532
888 3160 945 3229 fuit
969 3162 1098 3229 consist.
1146 3160 1335 3248 Comparuit
1360 3173 1525 3256 excusator
1547 3161 1630 3247 regis

258 3266 406 3352 Angliae,
434 3267 487 3355 qui
512 3265 603 3348 dixit,
634 3265 797 3335 adversam
822 3280 943 3356 partem
969 3264 1063 3335 fuisse
1088 3266 1213 3335 citatam
1238 3265 1277 3333 ad
1299 3265 1471 3333 videndum
1496 3263 1631 3353 produc-

257 3372 378 3439 tionem
409 3372 611 3439 articulorum
641 3372 896 3455 additionalium,
926 3386 956 3441 et
985 3394 1048 3465 tam
1078 3374 1149 3440 illos
1173 3396 1266 3463 quarn
1297 3374 1401 3459 primo
1430 3371 1503 3439 loco
1527 3370 1631 3439 dictos

258 3478 346 3565 petiit
369 3477 502 3545 admitti.
542 3476 725 3547 Advocatus
749 3482 876 3567 reginae
895 3477 1070 3568 respondit,
1095 3502 1162 3546 non
1179 3477 1293 3546 debere
1316 3476 1450 3559 admitti,
1474 3478 1546 3565 quia
1561 3500 1630 3566 per·

257 3606 336 3651 sona
360 3586 553 3652 excusaturis
577 3608 642 3653 non
668 3598 715 3653 est
738 3585 887 3672 legitima.
930 3586 1153 3653 Sanctissimus
1176 3583 1302 3651 admisit
1325 3582 1472 3651 articulos
1496 3581 1631 3650 additio·

258 3690 358 3772 111111,
388 3703 542 3779 quatenus
571 3689 610 3758 de
635 3693 701 3759 iure
733 3711 839 3759 essent
863 3689 1059 3759 admittendi.
1106 3692 1245 3758 Fuerunt
1268 3689 1366 3759 lectae
1396 3689 1515 3757 litterae
1546 3691 1630 3777 regis

257 3795 422 3883 Angliae,²
453 3796 565 3885 quibus
592 3796 741 3878 instabat,
771 3810 803 3865 ut
833 3796 962 3865 tandem
994 3810 1159 3865 excusator
1189 3819 1247 3885 pro
1271 3795 1415 3885 legitimo
1445 3808 1630 3863 excusatore

258 3899 447 3970 admittatur.
487 3902 613 3971 Deinde
637 3905 726 3991 petiit
749 3902 920 3972 advocatus
944 3902 1110 3993 [reginae]‚
1135 3916 1168 3971 ut
1194 3903 1347 3970 Sanctitas
1363 3902 1424 3970 Sua
1448 3902 1631 3989 dignaretur

258 4006 404 4095 expedire
427 4030 486 4096 pro
510 4010 635 4077 iustitia.
682 4010 752 4077 Fuit
775 4008 997 4091 deliberatum,
1021 4022 1055 4076 ut
1079 4008 1129 4077 die
1153 4010 1278 4076 veneris
1307 4022 1512 4097 compareant
1535 4007 1632 4075 advo·

258 4115 315 4181 cati
344 4115 505 4204 utriusque
528 4117 623 4204 partis
646 4115 685 4183 ad
710 4114 947 4183 informandum
977 4116 1182 4183 Sanctitatem
1206 4116 1302 4182 Suam
1333 4128 1363 4183 et
1391 4115 1503 4182 Rmos.
1527 4115 1630 4181 Dnos.

362 4221 484 4288 Romae
508 4219 558 4289 die
582 4222 682 4289 XXII.
706 4223 782 4289 iunii
811 4244 845 4307 15
853 4243 902 4309 32.
950 4224 1207 4310 comparuerunt
1231 4242 1374 4290 oratores
1391 4221 1533 4289 Caesaris
1558 4243 1631 4287 curn

258 4323 417 4393 advocatis
441 4339 471 4394 et
495 4328 750 4415 procuratoribus
774 4331 918 4417 reginae,
948 4342 979 4396 et
1003 4339 1146 4396 oratores
1174 4329 1257 4417 regis
1280 4327 1414 4416 Angliae
1438 4350 1511 4394 curn
1535 4324 1632 4394 advo-

259 4430 333 4498 catis
357 4445 388 4499 et
405 4446 590 4502 excusatore
613 4436 707 4521 regis,
731 4437 784 4524 qui
808 4434 1005 4523 disputarunt
1029 4436 1166 4502 maxime
1188 4458 1281 4522 super
1306 4433 1423 4501 ultimis
1448 4433 1568 4513 litteris,
1592 4455 1630 4498 an

259 4536 406 4606 inducant
430 4539 624 4608 mandatum.
673 4540 730 4628 (A.
755 4540 775 4607 1.
804 4541 893 4631 199.)

260 4682 355 4690 ———..

260 4833 298 4889 ΝΥ
324 4767 586 4909 9ςῑυζὲ15111ῐ.811111111
604 4769 674 4823 oben
694 4770 736 4824 dle
748 4769 893 4825 Schreiben
912 4771 1052 4825 Heinrichs
1072 4785 1134 4825 vona
1153 4768 1178 4823 6.
1192 4769 1250 4823 XII.
1267 4783 1334 4838 1530
1353 4766 1406 4820 und
1424 4766 1539 4820 111111.
1556 4780 1631 4836 1531.

364 4916 374 4946 ²
392 4909 447 4963 Das
467 4910 612 4964 Schreiben
631 4910 770 4966 Heinrichs
790 4928 853 4965 vom
874 4913 915 4967 28.
935 4911 1050 4966 Februar
1064 4926 1130 4980 1532
1150 4927 1171 4966 s.
1191 4910 1261 4963 oben
1280 4908 1326 4963 Nr.
1344 4923 1400 4976 113,
1439 4908 1530 4976 Vergl.
1544 4907 1632 4961 Carne

260 4977 312 5030 und
331 4978 432 5034 Bennet
452 4999 486 5034 an
506 4981 538 5036 H.
554 4980 624 5037 VIII.
648 4998 686 5049 15.
706 4982 766 5053 Juni
788 4997 862 5052 1531.
900 4984 973 5037 State
993 4983 1091 5054 Papers
1111 4981 1169 5036 VII.
1191 4994 1248 5050 372.

1488 5087 1524 5128 tt·
