3844 5582
261 378 329 438 1530
347 364 505 424 December.
1571 357 1631 421 173

365 528 465 610 Quod
488 529 598 597 litteris
621 531 683 598 tuis
706 528 746 598 ad
768 554 829 597 nos
852 542 938 599 tutus
961 553 1028 599 non
1052 540 1156 619 pateat
1178 554 1337 613 accessus,
1368 532 1543 614 nescimus,
1571 555 1630 600 nec

260 632 417 702 credimus
440 658 593 724 umquam
616 634 782 724 impeditas
806 635 916 719 fuisse3
949 636 1024 704 illud
1046 638 1148 725 magis
1172 636 1332 718 dolemus,
1357 656 1480 704 nostras
1505 649 1536 706 et
1558 639 1631 706 cita-

259 741 356 808 torias
380 753 411 809 et
433 739 629 809 inhibiturias
644 740 684 808 ad
699 754 731 810 te
750 754 831 824 tuto,
856 756 889 810 ut
905 755 1127 830 procuratores
1143 743 1272 831 reginae
1288 756 1440 826 asserunt,
1463 745 1630 832 pervenire

260 869 326 913 non
347 847 489 935 potuisse
512 866 564 915 aut
587 870 694 936 posse,
718 850 759 916 ita
783 860 817 915 ut
840 871 970 916 necesse
994 847 1096 930 fuerit,
1121 847 1247 917 easdem
1272 872 1328 937 per
1344 848 1483 916 edictum
1507 851 1629 939 exequi.

365 952 416 1020 De
440 954 552 1021 nuntio
568 966 673 1021 autem
692 966 805 1022 nostro
822 954 904 1043 apud
921 955 1236 1037 christianissimum,
1260 953 1347 1044 quod
1364 954 1402 1023 de
1420 978 1511 1023 causa
1527 955 1632 1022 huius·

261 1057 349 1125 modi
372 1058 497 1127 locutus
519 1058 627 1142 suerit,
658 1062 795 1128 omnino
823 1062 1019 1149 ignoramus.
1066 1061 1143 1128 Non
1172 1062 1259 1128 enim
1288 1084 1305 1127 a
1334 1060 1427 1128 nobis
1456 1060 1571 1150 aliquid
1600 1063 1631 1128 in

261 1163 415 1233 mandatis
439 1165 561 1248 habuit,
592 1168 622 1233 in
653 1166 837 1235 huiusmodi
860 1190 951 1234 causa
975 1190 1009 1235 se
1037 1167 1119 1256 apud
1143 1190 1253 1255 regem
1277 1166 1381 1256 aliquo
1406 1166 1507 1234 modo
1531 1168 1630 1236 intro-

262 1271 417 1341 mittendi.
464 1272 534 1340 Nos
559 1275 644 1341 enim
661 1297 752 1341 causa
776 1273 959 1342 huiusmodi
981 1273 1157 1341 nullatenus
1180 1272 1282 1341 adhuc
1312 1275 1461 1340 instructa
1485 1296 1552 1340 non
1575 1297 1632 1363 po·

260 1379 430 1445 tuissemus
460 1402 563 1468 neque
592 1377 810 1447 debuissemus
840 1403 964 1448 causam
994 1382 1093 1469 ipsam
1118 1382 1230 1447 iustam
1260 1379 1311 1447 vel
1340 1380 1488 1446 iniustam
1513 1378 1632 1462 dicere;

262 1485 389 1570 reginae
412 1508 489 1552 vero
512 1484 739 1573 appellationes
763 1498 794 1554 et
818 1488 1047 1567 recusationes,
1071 1488 1097 1552 si
1122 1484 1213 1553 nobis
1238 1509 1305 1552 non
1329 1485 1553 1567 calumniosae,
1577 1485 1633 1553 sed

262 1593 359 1659 iustae
383 1590 540 1672 videntur,
564 1614 630 1658 non
655 1590 751 1659 debes
774 1594 816 1659 ita
831 1594 1011 1681 impetuose
1027 1595 1167 1680 recipere
1184 1604 1215 1660 et
1231 1591 1409 1680 prohibere.
1448 1591 1519 1659 Nos
1535 1593 1633 1674 enim,

262 1710 295 1764 ut
317 1698 440 1786 saepius
463 1697 615 1779 diximus,
643 1700 777 1766 iustitiae
808 1698 919 1766 deesse
942 1722 1010 1766 non
1038 1721 1225 1787 possumus;
1257 1697 1345 1785 leges
1368 1719 1446 1764 vero
1469 1699 1560 1784 regui
1588 1699 1633 1765 tui

262 1815 314 1870 aut
337 1801 508 1892 quamlibet
531 1803 782 1872 iurisdictionem
806 1817 893 1872 tuam
917 1806 948 1872 in
974 1804 1088 1873 eodem
1114 1827 1216 1893 regno
1240 1805 1272 1870 in
1292 1803 1518 1892 temporalibus
1542 1827 1633 1872 num·

263 1932 356 1999 quam
385 1933 488 2000 neque
517 1933 592 1991 nos,
624 1934 726 2000 neque
756 1911 854 1980 Sedes
885 1911 1070 2000 Apostolica
1097 1925 1178 1979 teste
1207 1908 1388 1977 Alexandro
1416 1909 1468 1977 III.
1503 1909 1632 1998 praede·

264 2038 390 2083 cessore
425 2028 537 2084 nostro
572 2015 766 2084 turbavimus
795 2030 847 2085 aut
877 2016 935 2085 illis
967 2040 1098 2107 quoquo
1134 2015 1234 2085 modo
1258 2014 1549 2105 praeiudicavimus.
1596 2018 1632 2084 ln

262 2120 470 2209 spiritualibus
499 2145 592 2205 vero,
626 2145 757 2212 quarum
787 2124 930 2212 cognitio
958 2122 997 2191 ad
1025 2146 1086 2190 nos
1115 2135 1147 2191 et
1174 2121 1338 2191 ecclesiam
1367 2124 1519 2211 pertinet,
1547 2122 1634 2211 leges

264 2226 446 2296 huiusmodi
476 2242 529 2295 aut
559 2230 802 2297 constitutiones
830 2253 886 2297 seu
915 2229 1162 2298 consuetudines
1191 2230 1281 2317 regni
1309 2231 1354 2296 tui
1382 2227 1489 2296 locum
1519 2228 1634 2297 habere

264 2358 331 2401 non
354 2346 503 2423 possunt,
533 2336 655 2403 etiamsi
678 2337 709 2401 in
734 2337 779 2403 eis
803 2358 949 2424 expresse
973 2336 1012 2405 de
1035 2334 1244 2424 spiritualibus
1273 2346 1452 2417 caveretur,
1481 2336 1634 2425 quoniam

264 2439 337 2508 illud
377 2454 487 2509 contra
528 2439 704 2509 libertatem
740 2440 982 2510 ecclesiasticam
1018 2444 1154 2510 omnino
1190 2459 1282 2510 esset,
1338 2441 1375 2509 Et
1410 2443 1435 2509 si
1470 2441 1634 2509 decretum

264 2545 432 2616 Alexandri
449 2547 501 2615 111.
517 2545 769 2635 praedecessoris
785 2549 886 2616 nostri
903 2548 1085 2617 huiusmodi
1101 2549 1134 2615 in
1150 2547 1242 2616 titulo
1259 2547 1298 2616 de
1314 2546 1511 2636 sponsalibus
1527 2547 1634 2636 legere

263 2652 427 2735 volueris,¹
442 2656 589 2741 reperies,
602 2656 720 2721 summi
736 2653 899 2721 Pontificis
916 2666 948 2722 et
961 2677 1120 2722 canonum
1138 2655 1357 2722 auctoritatem
1373 2654 1467 2722 etiam
1483 2655 1515 2720 in
1531 2676 1634 2741 regno

263 2772 331 2841 tuo,
355 2758 514 2847 quibusvis
539 2782 605 2827 non
629 2757 839 2842 obstantibus,
868 2759 975 2828 locum
1005 2758 1135 2843 habere,
1167 2761 1236 2849 quis
1264 2760 1350 2828 enim
1381 2759 1492 2828 adduci
1514 2778 1635 2848 posset,

266 2877 298 2933 ut
322 2865 473 2949 crederet,
497 2867 529 2932 in
552 2888 653 2951 regno
671 2865 815 2952 Angliae,
838 2864 876 2933 ab
900 2867 1031 2934 ecclesia
1049 2867 1195 2935 Romana
1218 2878 1249 2934 et
1272 2867 1405 2934 summis
1429 2863 1635 2933 Pontificibus

265 2973 432 3059 recognito
457 2984 487 3040 et
511 2971 550 3039 de
574 2995 733 3040 consensu
757 2971 1036 3061 praedecessorum
1060 2985 1189 3040 tuorum
1211 2973 1375 3043 Romanae
1399 2971 1548 3040 ecclesiae
1571 2969 1636 3040 feu·

266 3076 396 3160 datario,
421 3078 664 3146 constitutiones
688 3092 799 3145 contra
822 3076 938 3146 Sedem
963 3077 1182 3167 Apostolicam
1207 3091 1238 3146 et
1260 3077 1434 3145 libertatem
1453 3077 1636 3145 ecclesiasti·

265 3207 334 3251 cam
357 3183 462 3274 aliquo
486 3183 586 3252 modo
611 3183 678 3252 fieri
702 3197 754 3252 aut
774 3207 920 3252 emanare
938 3207 1049 3273 posse;
1073 3183 1160 3273 quod
1183 3185 1209 3251 si
1232 3183 1375 3266 fortasse,
1399 3204 1434 3251 ut
1449 3184 1636 3265 audivimus,

266 3291 481 3358 emanaverint
505 3304 536 3358 et
558 3292 600 3358 ita
624 3304 734 3358 contra
757 3289 933 3358 libertatem
958 3290 1155 3371 huiusmodi,
1180 3302 1278 3357 utne
1302 3291 1371 3379 quis
1394 3289 1434 3358 ad
1456 3290 1635 3358 Romanam

267 3397 383 3464 curiam
400 3397 516 3477 veniat,
540 3407 628 3463 certo
647 3397 737 3478 scias,
760 3396 853 3463 nobis
877 3418 944 3463 non
968 3395 1111 3464 defutura
1127 3395 1266 3463 remedia
1288 3417 1348 3484 pro
1364 3393 1482 3463 tuenda
1496 3393 1636 3463 libertate

267 3500 474 3570 ecclesiastica
498 3515 529 3569 et
552 3503 736 3591 praesertim
760 3500 849 3569 Sedis
873 3501 1087 3589 Apostolicae.
1133 3502 1241 3592 ltaque
1273 3502 1374 3589 magis
1398 3512 1541 3568 oratores
1563 3512 1637 3569 tuos

266 3607 304 3676 ad
326 3606 525 3697 purgandum
550 3620 582 3675 te
605 3630 699 3697 super
716 3606 897 3675 huiusmodi
917 3606 1229 3675 contraventionibus
1245 3605 1394 3674 libertatis
1411 3604 1637 3676 ecclesiasticae

267 3711 520 3802 expectabamus,
544 3737 638 3803 quam
663 3713 780 3781 litteras
803 3725 871 3781 tuas
896 3713 1078 3782 huiusmodi
1101 3713 1300 3804 querelarum
1323 3714 1446 3803 plenas;
1477 3714 1522 3780 sic
1551 3715 1636 3782 enim

266 3820 401 3909 legimus
431 3818 542 3888 fecisse
573 3820 650 3887 olim
683 3844 792 3909 regem
824 3819 958 3908 Angliae
993 3843 1086 3908 super
1116 3821 1304 3908 purgatione
1336 3818 1499 3887 homicidii
1530 3819 1637 3888 Sancti

266 3924 426 4009 Thomae,
455 3926 605 3995 ecclesiae
629 3927 863 3995 Cantuarieusis
892 3928 1049 4016 episcopi,
1078 3927 1166 3993 cuius
1194 3924 1372 3994 oratoribus
1400 3924 1547 3993 Pontifex
1570 3949 1637 3993 non

268 4032 417 4115 credidit,
448 4032 503 4100 sed
534 4034 619 4100 misit
650 4031 820 4100 cardinales
849 4033 930 4100 duos
958 4030 996 4099 ad
1025 4032 1270 4121 perquirendum
1299 4032 1457 4101 eiusmodi
1486 4033 1531 4099 rei
1559 4033 1638 4099 veri-

267 4151 378 4207 tatem:
410 4162 490 4228 quae
519 4141 627 4206 omnia
654 4136 709 4206 tibi
738 4161 1047 4220 commemoramus,
1076 4151 1110 4206 ut
1133 4137 1253 4221 videas,
1281 4137 1541 4228 praedecessores
1564 4150 1637 4206 tuos

267 4245 304 4313 ab
327 4244 509 4314 huiusmodi
526 4243 674 4313 libertatis
691 4245 918 4312 ecclesiasticae
934 4246 1143 4333 oppressione
1166 4268 1293 4334 semper
1309 4244 1496 4312 abstinuisse
1512 4256 1543 4312 et
1562 4243 1636 4313 Sedi

268 4350 472 4441 Apostolicae
496 4350 681 4419 obedientes
704 4349 808 4419 fuisse.

373 4455 581 4526 lnhibitiones
604 4470 709 4525 autem
740 4480 807 4525 non
830 4458 891 4526 nisi
918 4459 1014 4525 iustas
1044 4471 1075 4525 et
1097 4459 1164 4525 iure
1193 4459 1396 4546 permittente
1425 4468 1478 4524 aut
1505 4454 1638 4525 lecimus

268 4579 320 4633 aut
342 4564 504 4646 faciemus,
528 4565 608 4631 iuste
631 4575 737 4632 autem
753 4562 848 4632 factas
865 4563 1041 4631 nullatenus
1062 4564 1238 4631 revocaturi
1262 4586 1381 4630 sumus.
1415 4561 1515 4644 Quod
1532 4575 1637 4631 autem

269 4673 300 4738 in
325 4671 407 4739 calce
429 4669 602 4738 litterarum
619 4683 744 4737 tuarum
762 4671 854 4759 petis,
877 4682 912 4737 ut
933 4667 988 4736 tibi
1010 4669 1048 4736 ad
1064 4670 1234 4757 praemissa
1251 4670 1360 4737 omnia
1376 4667 1639 4758 respondeamus,

268 4800 459 4867 quamquam
489 4778 632 4864 superius
666 4799 812 4864 expresse
844 4788 875 4843 et
905 4774 986 4843 clare
1016 4776 1159 4843 animum
1190 4786 1336 4843 nostrum
1368 4773 1637 4863 explicaverimus,

270 4931 471 4940 n—-q-—n--u

377 5016 384 5046 ¹
403 5007 511 5061 Decret.
531 5006 612 5076 Greg.
634 5006 678 5060 lx.
699 5006 741 5060 lib.
761 5006 807 5061 1V.
826 5007 865 5060 tit.
886 5006 904 5060 l.
924 5023 946 5058 c.
966 5008 990 5059 6.
