3844 5582
263 392 329 446 1530
347 378 415 447 Juni.
1570 370 1631 431 149

366 536 450 604 Cum
467 538 498 603 in
516 536 601 604 brevi
618 535 672 603 fiat
689 538 811 603 mentio
828 536 867 604 de
884 540 1025 620 notariis,
1042 541 1093 629 qui
1110 540 1225 628 publici
1240 542 1323 607 servi
1339 560 1422 622 sunt,
1447 553 1478 609 et
1495 564 1632 631 quorum

260 641 402 711 officium
426 654 484 725 est,
508 656 541 710 ut
565 644 628 710 sint
651 644 730 709 meri
754 656 960 711 annotatores
984 669 1112 728 eorum,
1140 670 1220 735 qnae
1243 660 1346 735 partes
1370 659 1421 714 aut
1445 646 1563 714 iudices
1587 647 1632 716 di-

260 762 349 832 cunt,
378 748 492 817 durum
516 748 650 831 videtur,
679 748 765 838 quod
793 748 984 818 reducantur
1012 749 1050 818 ad
1078 754 1322 836 conscientiam,
1353 777 1425 820 cnm
1450 752 1553 844 (non)
1579 752 1631 822 de·

259 855 352 923 beant
379 856 438 944 ipsi
468 856 627 944 propriam
659 856 691 921 in
717 855 764 922 his
795 855 956 924 attendere
989 859 1231 941 conscientiam,
1262 857 1318 926 sed
1347 881 1458 927 eorum
1489 859 1629 928 officium

259 959 474 1029 indifferenter
503 984 667 1044 exercere3
700 985 773 1028 nam
803 961 1040 1055 etiam-iudices
1069 987 1136 1031 non
1161 963 1277 1033 debent
1305 968 1389 1034 iuxta
1418 989 1529 1034 eorum
1555 990 1631 1034 con-

259 1069 423 1135 scientiam
447 1091 481 1134 se
505 1066 657 1155 regulare.

363 1174 500 1241 Instatur
515 1174 628 1263 itaque,
653 1186 687 1241 ut
704 1173 822 1241 dictum
839 1174 933 1242 breve
949 1189 1116 1244 revocetur
1132 1177 1181 1245 vel
1197 1176 1308 1245 saltem
1327 1177 1366 1244 ad
1381 1178 1476 1246 taiern
1493 1178 1628 1247 formam

259 1280 434 1362 reducatur,
462 1292 497 1348 ut
521 1285 671 1348 censent¹
700 1279 876 1368 supradicta
906 1282 1178 1366 inconvenientia,
1214 1296 1245 1351 et
1268 1285 1339 1373 quia
1369 1307 1425 1372 per
1449 1285 1511 1352 hoc
1535 1285 1631 1353 breve

259 1409 325 1453 non
343 1386 432 1454 datur
447 1387 572 1453 licentia
587 1386 683 1453 libere
700 1386 823 1455 dicendi
848 1390 1038 1456 sententiam
1055 1412 1155 1471 suam,
1180 1402 1211 1457 et
1227 1392 1271 1457 sic
1288 1403 1408 1458 certum
1426 1410 1484 1473 est,
1509 1390 1629 1459 nullum

258 1494 368 1581 vigore
397 1493 485 1560 istius
512 1492 614 1560 brevis
643 1492 757 1582 aliquid
786 1491 959 1577 dicturum,
988 1497 1171 1582 praesertim
1200 1495 1281 1578 illos,
1306 1494 1452 1586 (quibus)
1477 1508 1511 1564 ut
1538 1521 1631 1585 supra

260 1598 377 1666 dictum
402 1612 450 1667 est
473 1597 505 1666 id
529 1612 576 1667 est
598 1599 810 1689 prohibitum,
835 1601 1046 1688 supplicamus
1069 1601 1231 1669 Sanctmo
1256 1601 1343 1668 Dno,
1366 1602 1420 1683 N,
1445 1625 1540 1691 quem
1566 1626 1631 1670 cre·

259 1703 362 1773 dimus
386 1707 418 1772 in
435 1707 493 1773 hac
518 1719 548 1772 et
571 1705 636 1772 aliis
661 1705 810 1773 omnibus
835 1708 934 1773 causis
958 1729 1026 1773 non
1042 1706 1121 1774 velle
1146 1708 1204 1773 nisi
1228 1708 1403 1787 veritatem,
1428 1719 1462 1775 ut
1483 1706 1630 1796 dignetur

259 1810 407 1878 omnibus
436 1824 467 1879 et
490 1814 671 1899 praesertim
701 1812 760 1895 his,
788 1813 839 1901 qni
864 1813 1009 1879 Venetiis
1038 1810 1186 1899 prohibiti
1214 1812 1355 1896 fuerunt,
1384 1814 1425 1880 ita
1442 1812 1629 1896 rescribere,

259 1937 292 1985 ut
315 1917 357 1984 illi
373 1937 480 2006 aperte
504 1930 534 1985 et
552 1918 632 1985 clare
648 1930 856 2006 cognoscant,
881 1918 1086 1986 Sanctitatem
1103 1918 1198 1985 Suam
1215 1919 1305 2000 velle,
1329 1918 1416 2007 quod
1434 1919 1492 2008 ipsi
1507 1922 1631 2009 possint

259 2035 289 2090 et
306 2022 440 2091 debeant
463 2047 522 2112 pro
539 2025 668 2092 veritate
692 2024 767 2112 quid
790 2026 822 2091 in
846 2024 903 2091 hac
928 2048 1018 2092 causa
1042 2025 1189 2105 sentiant,
1213 2024 1308 2092 libere
1334 2038 1364 2093 et
1381 2048 1490 2093 secure
1515 2025 1630 2109 dicere,

258 2150 289 2197 et
312 2153 377 2219 quo
401 2131 491 2197 citius
513 2130 667 2198 Sanctitas
683 2130 745 2197 Sua
768 2130 799 2197 id
823 2133 924 2197 tacere
949 2128 1136 2218 dignabitur,
1162 2154 1201 2197 eo
1219 2133 1308 2198 citius
1332 2132 1629 2201 inconvenientibus

258 2235 481 2323 providebitur.

468 2377 559 2448 Vergl.
579 2377 620 2430 die
639 2377 844 2448 Remerkungen
867 2394 898 2430 zu
922 2376 969 2430 der
988 2378 1226 2449 vorhergehenden
1246 2378 1385 2431 Nummer.
1423 2369 1495 2432 Uber
1516 2379 1559 2434 die
1583 2398 1628 2434 an·

362 2465 486 2536 gebliche
505 2465 713 2535 Beschranhung
738 2465 785 2519 der
802 2464 1089 2537 Meinnngsausserung
1113 2466 1194 2519 durch
1214 2465 1265 2519 den
1285 2466 1365 2537 Papst
1389 2483 1409 2520 s.
1430 2475 1510 2520 unten
1530 2467 1578 2523 Nr.
1596 2483 1627 2539 95

362 2553 415 2609 und
434 2552 476 2623 96.

912 2697 975 2779 83.

341 2836 413 2919 Jac.
439 2835 599 2903 Salviati
622 2859 659 2901 an
685 2835 833 2903 Kardinal
857 2837 1104 2924 Campeggio.
1153 2838 1248 2918 Rom,
1277 2859 1324 2923 14.
1348 2839 1421 2922 Juni
1450 2857 1542 2923 1530.

364 2976 514 3047 Mittee'lung
532 2978 592 3030 tiber
610 2978 652 3029 die
671 2980 698 3029 ia
717 2977 833 3047 Bologna
857 2979 902 3030 mit
921 2978 968 3030 den
988 2978 1128 3049 englischen
1150 2978 1293 3032 Gesandten
1314 2978 1475 3050 gepflogenerr
1499 2979 1629 3033 Verhaad-

257 3065 351 3135 liengerr
369 3082 457 3134 coegere
476 3064 657 3134 Versehe'ebang
676 3066 718 3118 des
736 3064 867 3134 Progesses.
906 3066 993 3137 Konig
1011 3066 1134 3119 Heinrich
1151 3065 1194 3119 hat
1214 3067 1337 3119 nunerehr
1353 3069 1420 3119 ser'ne
1438 3067 1630 3140 Einaur'lligung

256 3152 322 3220 daza
338 3153 457 3222 gegeben,
480 3153 533 3205 aad
550 3152 630 3205 derher
652 3158 724 3222 mbge
745 3152 902 3224 Campeggio
922 3153 985 3207 auch
1003 3155 1059 3207 dent
1079 3154 1171 3207 Kaisar
1189 3155 1232 3207 die
1253 3154 1359 3208 Grande
1377 3158 1506 3227 corlegen,
1525 3158 1567 3210 die
1577 3158 1630 3227 fair

256 3240 303 3293 den
317 3239 444 3310 Aujschub
461 3241 586 3312 sprecbea,
604 3242 686 3293 rinmr't
704 3241 768 3294 auch
786 3243 867 3294 dieser
885 3243 928 3294 die
941 3241 1018 3295 Seehe
1037 3244 1131 3313 bilrige.
1170 3243 1199 3295 [n
1218 3244 1275 3296 deret
1288 3244 1415 3313 Aussebub
1433 3246 1496 3315 liegt
1513 3245 1556 3297 die
1574 3248 1628 3299 eier-

257 3330 311 3398 (e'ge
330 3326 471 3399 Hoffnrmg,
495 3329 536 3380 die
556 3327 753 3399 Angelegenheie
776 3331 812 3381 im
831 3329 939 3382 Frieden
963 3348 1018 3399 {ura
1038 3330 1153 3401 Austrag
1177 3332 1284 3402 bringeri
1306 3349 1336 3401 (a
1361 3333 1465 3384 konnen.
1504 3332 1537 3385 Es
1560 3336 1629 3387 wird

255 3422 302 3486 gut
319 3418 381 3481 sein,
403 3417 459 3470 dem
479 3416 567 3487 Kdnig
587 3417 732 3488 gegenriber
755 3418 803 3470 den
823 3417 904 3470 Pterelet
926 3435 958 3487 ru
976 3419 1087 3482 betunen,
1110 3420 1169 3487 daJi·
1188 3419 1334 3472 Katharina
1358 3427 1422 3487 trotr
1445 3421 1490 3473 der
1509 3420 1561 3473 Ehe
1582 3424 1628 3475 mit

258 3503 355 3557 Arthur
372 3504 503 3575 Jungsrau
520 3505 648 3575 geblieben
666 3507 709 3558 rei.

554 3628 832 3696 Reverendissimo
858 3630 1036 3718 Campegio
1065 3652 1113 3717 14.
1138 3632 1214 3697 iunii
1243 3652 1333 3717 1530.

361 3750 472 3817 Debbe
490 3752 608 3819 Vostra
623 3751 769 3839 Signoria
787 3752 876 3821 Rma.
901 3750 1077 3835 ricordarsi,
1102 3753 1161 3819 che
1181 3775 1237 3841 per
1261 3777 1327 3820 non
1343 3753 1451 3822 lasciar
1473 3756 1628 3843 procedet

257 3856 339 3923 iola
363 3880 455 3924 causa
478 3856 695 3945 d'Inglaterra,
726 3881 819 3924 come
843 3860 923 3925 s'era
951 3857 1024 3926 farta
1052 3860 1213 3941 instantia,
1242 3860 1284 3926 N.
1308 3858 1444 3947 Signore
1473 3859 1555 3929 disse
1578 3862 1628 3929 alli

256 3960 383 4050 Signori
406 3962 640 4045 ambasciatori,
670 3964 728 4031 che
753 3987 849 4031 erano
878 3963 996 4031 allhora
1023 3964 1044 4030 ii
1067 3987 1123 4053 per
1151 3964 1171 4031 ii
1194 3989 1243 4046 re,
1273 3966 1331 4033 che
1355 3965 1417 4033 Sua
1439 3965 1559 4036 Santitb
1581 3969 1628 4036 in-

255 4069 393 4136 tratteria
415 4068 445 4135 le
468 4092 554 4152 cose,
578 4069 705 4158 quando
722 4070 792 4137 loro
815 4069 836 4136 li
859 4082 1120 4158 promettesser0‚
1145 4070 1203 4138 che
1224 4095 1280 4158 pet
1303 4096 1346 4138 un
1370 4094 1412 4159 40
1428 4073 1544 4161 giorni,
1569 4075 1627 4143 che

256 4174 281 4239 si
304 4172 482 4262 pigliavano
506 4173 537 4242 di
560 4187 682 4264 tempo,
692 4199 773 4251 ,non
797 4178 823 4244 si
846 4178 1013 4245 innovaret
1041 4179 1073 4243 in
1096 4176 1211 4266 Anglia
1235 4201 1309 4244 cosa
1332 4176 1458 4262 alcuna;
1493 4179 1564 4247 loro
1588 4182 1628 4248 ri-

256 4302 399 4367 sposer0‚
428 4280 487 4348 che
515 4304 582 4347 non
610 4280 774 4349 havevano
802 4284 853 4372 gii
881 4282 993 4351 faculta
1023 4282 1132 4351 alcuna
1160 4283 1191 4350 di
1219 4296 1395 4372 prometter
1422 4298 1546 4374 questo,
1576 4311 1628 4353 ma

257 4386 314 4453 che
338 4388 544 4454 scriverriano
568 4389 600 4454 in
625 4388 725 4455 modo
751 4400 782 4456 et
805 4390 865 4457 che
882 4413 1106 4457 conoscevano
1130 4389 1191 4458 tale
1215 4389 1345 4457 l'animo
1371 4389 1421 4458 del
1444 4390 1567 4459 Sermo
1593 4416 1627 4460 re

256 4515 325 4573 sun,
355 4492 413 4559 che
441 4495 605 4560 teneriano
634 4517 690 4581 per
719 4507 817 4578 cert0,
846 4497 872 4563 si
901 4495 975 4563 faria
1003 4508 1121 4585 quanto
1151 4496 1212 4563 Sua
1234 4482 1432 4565 Beatitudine
1460 4499 1625 4566 ricercava.

256 4598 343 4664 Hora
367 4600 395 4664 ci
419 4602 436 4665 ὲ
459 4601 593 4687 risposta
617 4599 649 4666 di
673 4600 734 4668 Sua
758 4601 893 4683 Maesta,
924 4625 992 4669 non
1015 4602 1086 4669 solo
1110 4602 1256 4670 d’essersi
1280 4615 1461 4671 contentata
1485 4604 1559 4671 nelli
1582 4628 1625 4692 40

256 4702 286 4769 di
310 4727 377 4771 non
401 4705 534 4772 innovat
558 4729 632 4772 cosa
647 4705 768 4789 alcuna,
792 4732 844 4774 ma
867 4708 925 4776 che
948 4708 969 4775 li
985 4710 1117 4797 piacerb,
1142 4709 1200 4776 che
1216 4710 1287 4775 sino
1311 4709 1350 4776 all
1365 4709 1535 4777 settembre
1559 4734 1626 4778 non

255 4810 281 4874 si
303 4808 442 4898 proceda
464 4811 657 4894 altrimente,
683 4826 713 4880 et
737 4814 794 4880 che
818 4825 864 4881 tra
887 4827 977 4881 tanto
1001 4826 1177 4903 promette,
1203 4814 1261 4881 che
1285 4813 1334 4882 dal
1357 4827 1451 4883 canto
1475 4841 1534 4884 suo
1559 4840 1625 4885 non

364 5013 369 5040 ¹
390 5005 427 5057 So
445 5005 487 5058 die
506 5006 684 5073 Handschrift,
704 5008 778 5062 wohl
796 5009 889 5062 besser
907 5018 1021 5063 cessent.
