3844 5582
287 345 348 406 172
1409 356 1559 410 Dezember
1580 370 1654 424 153⁰·

283 540 364 606 quae
387 541 479 606 supra
503 517 649 600 diximus,
672 517 753 584 clare
777 518 889 606 cuique
914 532 998 586 recte
1014 517 1163 585 sentienti
1181 528 1326 583 constare
1343 514 1447 598 debet,
1471 528 1655 606 quaegesta

284 634 358 690 sunt
380 645 437 711 per
460 647 535 704 nos,
565 646 630 690 non
659 622 699 690 ad
721 634 809 690 tuam
832 624 977 690 iniuriam
1007 624 1072 690 sive
1096 620 1256 689 infamiam
1280 641 1368 709 gesta
1398 621 1512 703 fuisse,
1543 620 1599 689 sed
1622 633 1657 687 ut

285 730 400 797 iustitia
423 742 511 797 recto
534 730 661 797 tramite
677 728 875 817 procederet,
899 731 986 797 etita
1010 728 1220 797 indicaremus
1239 751 1370 815 parvum
1395 731 1474 795 sicut
1490 750 1654 815 magnum.

285 833 362 902 Illud
386 854 493 903 tamen
523 858 589 902 non
620 858 790 923 possumus
820 859 887 902 non
916 838 1036 918 mirari,
1067 834 1154 925 quod
1182 836 1224 902 ita
1250 836 1417 923 suspiceris
1446 858 1506 902 nos
1530 834 1657 902 Caesari

285 938 438 1023 addictos,
462 961 495 1008 ut
520 965 579 1029 pro
604 944 670 1010 eius
694 955 771 1010 nutu
796 943 862 1010 sive
886 942 1012 1010 arbitrio
1041 945 1072 1008 iu
1106 939 1286 1009 huiusmodi
1310 964 1402 1008 eausa
1429 940 1656 1029 procedamus;

285 1068 359 1113 nam
383 1071 456 1115 cum
480 1050 511 1115 in
536 1048 592 1116 hac
617 1072 710 1116 causa
731 1050 772 1117 sit
795 1047 955 1116 Defensor
978 1047 1052 1116 fidei
1076 1072 1114 1115 ex
1138 1071 1210 1127 una,
1235 1060 1266 1115 et
1290 1046 1472 1114 Advocatus
1496 1045 1656 1123 ecclesiae,

285 1164 320 1219 ut
343 1172 376 1221 tu
399 1154 518 1237 scribis,
543 1179 581 1222 ex
604 1156 707 1223 altera.
731 1157 816 1222 iuxta
839 1156 913 1222 iuris
930 1154 1064 1222 consulti
1089 1156 1279 1222 sententiam
1303 1176 1357 1240 par
1378 1154 1458 1221 ratio
1481 1152 1657 1221 affectionis

287 1271 414 1327 nostrae
435 1273 500 1328 tam
525 1262 562 1329 ad
587 1261 799 1329 Defensorem
824 1260 908 1343 fidei,
932 1284 1027 1350 quam
1052 1260 1252 1328 Advocatum
1270 1258 1420 1326 ecclesiae
1443 1260 1656 1346 suspicionem

287 1366 394 1455 utique
421 1389 555 1435 omnem
584 1367 694 1435 tollere
730 1366 867 1435 deberet.
919 1368 1084 1434 Praeterea
1112 1367 1217 1434 Deum
1250 1377 1403 1433 testamur
1438 1378 1468 1432 et
1504 1366 1536 1430 in
1565 1363 1658 1431 verba

287 1470 450 1539 Pontificis
473 1472 570 1541 fidem
595 1472 736 1554 facimus,
761 1472 931 1540 Caesarem
949 1494 1122 1561 numquam
1146 1469 1272 1538 anobis
1296 1470 1355 1537 nisi
1371 1493 1492 1537 meram
1509 1470 1657 1537 iustitiam

287 1576 471 1664 postulasse.
518 1578 651 1647 Dicebat
674 1582 760 1646 euim
786 1579 963 1659 nobiscum,
993 1577 1079 1668 quod
1103 1579 1129 1644 si
1153 1578 1262 1665 regina
1284 1576 1432 1644 iniustam
1462 1598 1588 1643 causam
1611 1575 1659 1642 fo-

287 1681 388 1767 vebat,
414 1707 481 1751 non
504 1697 570 1753 erat
592 1686 779 1755 intentionis
802 1708 892 1765 suae,
923 1708 991 1752 eam
1022 1685 1055 1750 in
1083 1684 1188 1772 aliquo
1210 1685 1332 1764 iuvare,
1360 1682 1416 1751 sed
1438 1680 1658 1771 imputandum

288 1812 358 1856 esse
382 1790 439 1873 his,
463 1792 516 1881 qui
539 1792 600 1859 tale
624 1792 863 1860 matrimonium
894 1803 946 1858 aut
974 1792 1099 1877 nuptias
1129 1800 1351 1877 procurarunt,
1383 1786 1470 1878 quod
1498 1788 1524 1853 si
1551 1787 1661 1874 regina

288 1894 355 1982 ipsa
378 1898 492 1964 iustam
517 1921 641 1965 causam
668 1895 806 1978 haberet,
831 1919 897 1964 non
921 1919 1016 1985 posse
1040 1897 1108 1962 sine
1133 1895 1266 1962 honoris
1289 1895 1337 1961 sui
1361 1916 1476 1982 magna
1499 1905 1575 1961 nota
1591 1914 1660 1981 per-

289 2000 425 2082 mittere,
450 2000 532 2069 illam
558 2015 666 2070 contra
690 2003 838 2070 iustitiam
864 2003 1011 2090 opprimi.
1051 2000 1082 2067 Si
1099 2020 1204 2068 autem
1222 1999 1338 2068 eodem
1355 1999 1455 2067 modo
1472 2001 1516 2067 tui
1533 2023 1549 2065 a
1566 1998 1658 2065 nobis

288 2130 407 2174 meram
434 2110 583 2176 iustitiam
606 2108 850 2196 postulaverint,
875 2107 1033 2176 credimus
1056 2130 1123 2174 non
1147 2119 1179 2174 te
1202 2107 1316 2188 latere3
1354 2105 1386 2173 id
1410 2107 1495 2172 enim
1521 2106 1659 2192 ingenue

288 2212 437 2295 fatemur,
460 2215 506 2281 tui
530 2238 620 2282 causa
650 2213 742 2282 etad
765 2227 894 2281 tuorum
921 2215 970 2281 hic
995 2213 1182 2301 degentium
1205 2214 1394 2300 petitionem
1423 2234 1533 2279 causae
1558 2210 1662 2277 huius·

289 2317 378 2407 modi
392 2318 629 2409 expeditionem
648 2321 771 2408 saepius
787 2343 987 2407 prorogasse,
1004 2316 1246 2387 reclamantibus
1263 2319 1389 2405 reginae
1406 2315 1662 2405 procuratoribus

290 2436 321 2491 et
344 2427 492 2494 iustitiam
517 2451 534 2492 a
558 2426 650 2493 nobis
674 2428 767 2493 enixe
789 2424 999 2514 petentibus.¹

395 2531 488 2614 Quae
513 2556 586 2600 cum
609 2534 650 2600 ita
673 2534 747 2613 sint,
771 2531 878 2599 videre
901 2543 1003 2621 potes,
1027 2534 1053 2598 si
1077 2531 1114 2598 ad
1139 2531 1299 2598 arbitrium
1324 2532 1467 2598 Caesaris
1491 2528 1540 2597 vel
1556 2529 1662 2617 potius

289 2658 378 2705 tuum
404 2641 662 2727 processerimus.
710 2638 761 2706 Ad
785 2640 924 2706 rationes
952 2661 1029 2705 vero
1058 2651 1142 2718 tuas,
1170 2636 1282 2725 quibus
1311 2634 1443 2724 probare
1472 2637 1594 2713 niteris,
1624 2657 1662 2700 ex

289 2746 462 2832 praeteritis
486 2747 583 2833 gestis
607 2747 681 2812 satis
704 2768 864 2834 apparere,
888 2746 919 2811 in
945 2767 1046 2832 regno
1064 2744 1197 2831 Angliae
1214 2742 1321 2809 locum
1338 2765 1408 2809 esse
1432 2754 1546 2823 tutum,
1570 2763 1661 2828 supra

288 2849 528 2939 respondimus;
551 2851 679 2940 quodsi
697 2851 751 2918 tibi
768 2851 923 2918 arbitraris
948 2851 1084 2917 omnino
1100 2848 1214 2916 factam
1231 2849 1388 2931 iniuriam,
1410 2846 1522 2914 eadem
1539 2847 1662 2913 ratione

290 2956 416 3039 Caesar,
440 2980 536 3046 quem
560 2969 594 3024 tu
617 2969 738 3046 partem
763 2956 878 3044 allegas
902 2980 971 3024 esse
995 2958 1027 3022 in
1051 2957 1109 3023 lrac
1126 2978 1228 3036 causa,
1252 2954 1397 3020 iniuriam
1415 2954 1472 3021 sibi
1492 2951 1561 3019 fieri
1585 2950 1663 3018 arbi-

290 3060 429 3143 trabitur,
454 3064 479 3129 si
502 3076 664 3152 tamquam
689 3062 802 3130 fovens
817 3063 970 3149 {iniustam
989 3085 1113 3129 causam
1131 3061 1295 3128 reiiciatur.
1335 3059 1373 3126 Et
1388 3071 1556 3147 propterea
1572 3057 1663 3125 decet

291 3190 351 3234 nos
376 3191 414 3235 ex
440 3167 587 3256 pastorali
617 3166 726 3236 officio
756 3192 814 3235 nec
839 3167 877 3234 ad
906 3168 1067 3235 dexteram
1099 3165 1219 3234 netad
1247 3167 1404 3233 sinistram
1434 3164 1534 3243 flecti,
1562 3162 1618 3231 sed
1646 3185 1663 3229 a

291 3274 424 3340 iustitiae
446 3276 571 3342 tramite
595 3298 660 3341 non
686 3273 867 3342 recedendo
891 3274 1073 3341 inviolatam
1098 3274 1246 3340 iustitiam
1271 3293 1459 3339 conservare
1483 3272 1568 3337 iuxta
1588 3267 1663 3336 illud

291 3379 515 3469 Apoealypsis:
540 3380 585 3447 Ex
609 3403 665 3447 ore
690 3379 828 3448 sedentis
853 3381 883 3446 in
908 3381 1027 3447 throno
1051 3376 1195 3467 procedit
1218 3376 1338 3466 gladius
1362 3377 1408 3443 bis
1432 3388 1551 3458 acutus,
1576 3373 1662 3465 quod

291 3509 430 3553 canones
454 3487 698 3575 interpretantur
721 3485 852 3573 intelligi
869 3484 983 3553 debere
1008 3484 1047 3552 de
1064 3485 1220 3552 sententia
1244 3485 1320 3552 recti
1336 3482 1458 3562 iudicis,
1482 3483 1535 3571 qui
1552 3500 1663 3549 contra

291 3592 440 3659 iustitiam
464 3594 585 3660 nemini
611 3590 703 3659 debet
726 3614 863 3678 parcere.

396 3696 475 3765 illud
497 3697 583 3788 quod
608 3697 695 3779 dicis,
719 3721 779 3765 nos
803 3697 1015 3785 impedivisse,
1040 3720 1079 3763 ne
1104 3698 1173 3785 quis
1197 3696 1388 3763 sententiam
1412 3694 1508 3761 libere
1532 3692 1661 3773 diceret,

293 3827 464 3893 numquam
496 3802 639 3885 fecimus,
668 3827 727 3871 nee
756 3804 874 3870 scimus
902 3802 1023 3891 aliquos
1047 3825 1063 3868 a
1092 3800 1259 3869 scribendo
1287 3801 1449 3882 territos²;
1484 3797 1558 3866 illud
1586 3821 1663 3865 vero

292 3910 429 3977 maxime
453 3909 610 3997 displicet,
639 3908 726 3999 quod
749 3908 921 3976 scribentes
945 3906 1128 3976 huiusmodi
1156 3909 1269 3995 scripta
1293 3930 1348 3974 sua
1371 3930 1406 3973 ac
1430 3908 1569 3973 rationes
1593 3927 1663 3970 suas

292 4015 384 4082 nobis
413 4038 480 4083 non
509 4014 721 4096 ostenderint,
756 4028 789 4082 ut
822 4015 974 4082 maturius
1008 4016 1039 4079 in
1071 4013 1129 4080 hae
1164 4036 1255 4080 causa
1284 4011 1457 4100 procedere
1485 4033 1662 4097 possemus.

293 4120 392 4203 Quod
425 4121 451 4188 si
477 4122 645 4189 Caesarem
669 4123 781 4188 asseris
805 4121 962 4201 intulisse,
991 4119 1078 4209 quod
1107 4121 1280 4198 nescimus,
1308 4116 1340 4184 id
1370 4137 1492 4204 praeter
1521 4127 1661 4183 nostram

292 4226 489 4295 voluntatem
512 4226 601 4310 fecit;
625 4251 724 4294 unum
748 4239 854 4294 tamen
879 4249 946 4292 non
971 4226 1166 4306 omittamus,
1190 4224 1277 4313 quod
1300 4225 1324 4290 si
1347 4245 1406 4290 nos
1431 4224 1472 4290 ita
1487 4220 1575 4288 facile
1600 4242 1665 4287 cre·

293 4333 440 4401 deremus
464 4333 522 4415 his,
546 4335 600 4422 qui
623 4352 733 4400 contra
756 4345 787 4400 te
812 4332 998 4421 loquuntur,
1029 4332 1109 4398 sicut
1136 4343 1168 4398 te
1196 4328 1297 4397 facere
1321 4329 1360 4397 de
1385 4329 1477 4396 nobis
1505 4324 1662 4394 ostendis:

293 4462 360 4506 non
384 4437 508 4521 desunt,
532 4441 584 4529 qui
615 4452 768 4520 asserant,
805 4460 953 4526 magnam
978 4437 1130 4524 pecuniae
1158 4437 1364 4525 quantitatem
1395 4437 1426 4501 in
1449 4432 1568 4502 Italiam
1592 4455 1609 4498 a
1632 4452 1664 4499 te

292 4546 508 4613 transmissam
538 4543 577 4612 ad
605 4543 802 4625 alliciendos,
832 4545 907 4632 quin
936 4544 1042 4632 potius
1071 4541 1324 4629 corrumpendos
1357 4540 1544 4619 scribentes,
1578 4536 1664 4627 quod

292 4664 398 4718 tamen
424 4650 516 4717 nobis
539 4650 627 4718 nullo
651 4649 751 4717 modo
775 4648 963 4737 persuadere
987 4671 1167 4735 possumus.

400 4855 409 4882 ¹
428 4845 455 4900 S.
475 4845 545 4898 oben
564 4844 611 4897 Nr.
630 4846 665 4910 84
683 4844 729 4897 das
748 4844 893 4897 Schreibeo
913 4842 1098 4914 Campeggios
1117 4858 1181 4896 vom
1201 4839 1242 4894 26.
1261 4840 1321 4910 Juni
1342 4854 1417 4908 1530.

399 4922 410 4952 ²
428 4916 453 4969 S.
472 4915 543 4969 oben
562 4914 604 4968 die
623 4914 828 4985 Bemerltungen
845 4932 878 4968 zu
896 4914 948 4968 deu
963 4913 1066 4968 Breven
1084 4911 1131 4967 des
1151 4911 1261 4981 Papstes
1280 4926 1345 4964 vom
1364 4923 1406 4967 21,
1425 4908 1478 4963 Mai
1499 4908 1551 4962 und
1569 4922 1594 4972 4.
1608 4907 1663 4960 Au·

293 4996 355 5056 gust
377 5002 451 5055 1530,
471 4986 519 5039 mit
538 4985 590 5038 den
609 4984 703 5038 darauf
719 4983 864 5055 folgenden
883 4985 1025 5055 petitiones
1044 4991 1181 5038 oratorum
1199 4981 1321 5052 Angliae.
