3820 5592
269 385 332 443 1527
350 368 507 425 Dezember.

931 639 965 719 t.

307 848 489 916 Heinrich
514 848 598 916 VIII.
622 871 663 915 an
686 847 867 916 Clemens
892 848 960 915 Vll.
1008 847 1218 932 Greenwich,
1243 850 1273 915 6.
1289 846 1468 961 Dezember
1495 868 1587 935 1527.

366 1025 552 1098 Entsprecbend
569 1026 625 1078 dem
642 1025 831 1090 vorsteheudeu,
849 1026 897 1078 mit
916 1025 1063 1079 detonderar
1077 1025 1211 1096 Belonung
1229 1025 1276 1078 der
1285 1023 1458 1096 persdnlichen
1473 1023 1633 1095 Angelegen-

263 1114 311 1167 lm'l
328 1115 371 1169 des
388 1114 494 1186 Kdnigs.
528 1114 586 1167 Den
600 1112 785 1183 Schlussabsatq
802 1114 866 1167 nach
884 1115 941 1167 dean
959 1114 1058 1167 Datum
1075 1114 1119 1168 hut
1137 1112 1170 1167 H.
1189 1112 1260 1167 VIII.
1280 1112 1450 1183 eigenhdndig
1466 1111 1633 1183 guelricum,

264 1221 304 1256 um
321 1204 377 1257 dem
396 1203 485 1274 Papste
501 1203 569 1255 selue
589 1200 816 1273 Scheidungssacbe
834 1202 902 1255 desto
920 1201 1079 1273 dringllcher
1097 1220 1128 1271 qu
1147 1200 1292 1273 ernpsehlen.

366 1380 550 1448 Beatissime
573 1379 665 1446 Pater
688 1390 762 1466 post
785 1378 994 1446 humillimam
1023 1376 1341 1446 commendationem
1370 1388 1401 1444 et
1428 1373 1633 1444 devotissima

262 1484 379 1576 pedum
411 1485 520 1554 oscula
552 1483 728 1553 beatorum.
778 1485 844 1553 Etsi
876 1484 1058 1567 mallemus,
1092 1497 1166 1573 post
1192 1496 1258 1553 tam
1286 1507 1399 1551 saevos
1428 1482 1568 1550 turbines
1596 1505 1633 1549 ea

262 1591 388 1660 rediisse
411 1604 572 1681 tempora,
596 1590 708 1680 quibus
735 1590 972 1658 acerbissimum
997 1591 1129 1658 Vestrae
1153 1591 1331 1658 Sanctitatis
1359 1588 1505 1656 dolorem
1528 1607 1634 1676 gratu-

262 1697 377 1765 latione
400 1696 512 1765 tollere
529 1721 546 1762 e
570 1707 711 1785 pectore,
734 1719 830 1785 quam
848 1696 1069 1764 consolatione
1088 1695 1149 1763 ulla
1165 1719 1334 1784 possemus
1350 1694 1508 1763 emollire:
1533 1693 1633 1762 filialis

262 1816 369 1872 tamen
392 1815 520 1871 nostrae
544 1801 762 1870 observantiae
786 1825 856 1870 esse
880 1803 1107 1885 existimamus,
1132 1801 1208 1869 dum
1233 1825 1300 1869 non
1323 1801 1381 1869 alia
1403 1801 1526 1869 ratione
1549 1800 1632 1882 licet,

263 1908 381 1979 devoto
405 1908 515 1977 saltem
547 1906 735 1976 consolandi
758 1907 866 1977 officio
891 1932 958 1976 non
983 1907 1108 1991 deesse,
1134 1920 1165 1976 et
1188 1906 1275 1998 quod
1298 1906 1444 1975 libentius
1469 1918 1500 1975 et
1524 1930 1633 1975 cumu-

263 2015 352 2084 latius
375 2027 557 2105 praesentes
580 2026 825 2103 praestaremus,
853 2013 884 2082 id
914 2038 999 2085 nunc
1027 2015 1136 2083 litteris
1168 2033 1199 2082 et
1228 2015 1346 2082 nuntiis
1373 2015 1439 2103 pari
1467 2012 1573 2081 studio
1603 2032 1633 2080 et

263 2121 374 2190 affectu
402 2133 570 2210 praestare.
617 2119 824 2209 Magnificum
854 2123 958 2211 itaque
981 2121 1159 2189 Dominum
1185 2121 1378 2209 Gregorium
1402 2118 1560 2187 Casalium
1589 2115 1633 2186 di-

261 2227 378 2296 lectum
401 2240 548 2296 nostrum
573 2227 786 2295 consiliarium
812 2239 844 2295 et
866 2246 1027 2295 oratorem
1051 2225 1090 2295 ad
1106 2228 1255 2295 Vestram
1272 2227 1476 2295 Sanctitatem
1500 2227 1633 2314 imprae-

262 2334 361 2403 sentia
383 2335 548 2414 mittimus,
572 2352 642 2401 tum
665 2345 700 2401 ut
722 2356 944 2423 quamcunque
974 2333 1036 2402 hoc
1065 2345 1213 2421 tempore
1241 2331 1310 2401 fieri
1338 2333 1453 2422 possit,
1481 2331 1548 2398 istis
1570 2330 1633 2398 heu

262 2440 395 2508 nimium
429 2438 552 2508 afflictis
586 2438 679 2507 rebus
715 2439 973 2511 consolationem
1009 2439 1134 2522 afferat,
1165 2458 1233 2507 tum
1268 2439 1381 2522 etiam,
1412 2450 1447 2506 ut
1478 2435 1632 2526 quaedam

262 2547 390 2614 maximi
413 2548 571 2614 momenti
596 2564 626 2613 et
650 2544 762 2635 quibus
785 2545 862 2613 nihil
885 2545 978 2614 nobis
1002 2547 1103 2634 magis
1126 2558 1174 2614 est
1197 2543 1296 2624 cordi,
1324 2556 1436 2613 nostro
1459 2544 1593 2611 nomine
1616 2566 1634 2609 a

263 2653 376 2720 Vestra
398 2651 596 2720 Beatitudine
625 2652 718 2719 nobis
746 2650 880 2720 concedi
910 2672 940 2720 et
969 2650 1125 2740 indulgeri
1153 2650 1330 2719 humillime
1357 2649 1526 2740 supplicet,
1554 2671 1635 2739 quae

264 2781 335 2826 cum
359 2758 422 2826 sint
444 2756 637 2840 huiusmodi,
660 2769 696 2825 ut
711 2779 817 2825 rerum
833 2759 980 2825 omnium
998 2780 1035 2826 ea
1050 2757 1188 2825 maxime
1205 2768 1404 2844 exoptemus,
1427 2756 1633 2823 Sanctitatem

263 2864 303 2930 V.
326 2865 441 2932 iterum
458 2875 550 2953 atque
573 2865 688 2932 iterum
706 2863 919 2946 obsecramus,
943 2882 977 2931 ut
1000 2863 1074 2932 huic
1096 2882 1209 2930 nostro
1226 2861 1384 2931 desiderio
1409 2861 1633 2951 expectationi-

265 2993 326 3060 que
349 2969 507 3058 dignetur,
532 2971 558 3037 si
574 2993 715 3060 unquam
730 2983 832 3054 antea,
857 2994 942 3038 nunc
964 2971 1149 3058 praesertim
1172 2967 1350 3038 satisfacere
1373 2970 1406 3036 in
1430 2989 1533 3057 eoque
1557 2990 1634 3035 con·

263 3075 407 3144 cedendo
431 3075 692 3165 benignissimam
710 3094 744 3144 ut
767 3076 849 3145 solet
871 3100 907 3145 se
929 3076 1088 3166 praebere.
1128 3076 1203 3159 Qua
1226 3078 1258 3143 in
1280 3099 1314 3143 re
1330 3076 1375 3143 sic
1398 3098 1459 3142 nos
1482 3073 1540 3140 sibi
1556 3072 1633 3140 suis-

263 3205 323 3271 que
354 3183 503 3250 omnibus
534 3183 566 3250 in
596 3201 783 3272 perpetuum
816 3181 991 3266 devinciet,
1028 3196 1063 3252 ut
1092 3183 1136 3250 nil
1167 3182 1300 3271 posthac
1336 3181 1369 3248 in
1399 3181 1467 3248 eius
1501 3180 1631 3268 gratiam

263 3299 424 3379 utcunque
451 3288 572 3379 grande
599 3291 769 3357 recusaturi
799 3291 908 3358 simus.
954 3290 993 3357 Et
1015 3290 1138 3378 optime
1165 3311 1201 3356 ac
1229 3287 1404 3356 diutissime
1428 3288 1495 3375 ipsa
1522 3284 1632 3352 valeat.

368 3394 414 3462 Ex
436 3396 522 3483 regia
544 3407 654 3463 nostra
677 3394 840 3463 Grenwici
863 3395 914 3463 die
938 3398 968 3462 6.
993 3393 1179 3462 Decembris
1207 3412 1299 3480 1527.

368 3571 554 3640 Beatissime
577 3572 678 3639 Pater.
716 3572 894 3658 Negotium
918 3572 991 3654 hoc,
1016 3570 1055 3638 de
1072 3593 1137 3659 quo
1154 3569 1354 3659 impetrando
1371 3588 1483 3637 nostro
1500 3567 1632 3635 nomine

265 3676 424 3744 Dominus
448 3677 623 3766 Gregorius
648 3701 721 3745 curn
745 3679 785 3745 V.
810 3679 980 3746 Sanctitate
1002 3689 1090 3765 aget,
1120 3688 1210 3745 tanto
1233 3676 1339 3745 studio
1363 3699 1399 3742 ac
1422 3671 1633 3743 sollicitudine

266 3781 353 3850 cordi
377 3783 543 3866 habemus,
571 3795 606 3851 ut
633 3784 659 3851 si
688 3783 782 3851 ullam
810 3807 950 3873 unquam
978 3802 1122 3851 nostram
1150 3805 1281 3871 operam
1311 3801 1364 3850 aut
1391 3781 1540 3849 auxilium
1569 3780 1634 3846 suis

265 3886 315 3954 vel
337 3911 468 3957 suorum
491 3888 585 3957 rebus
608 3890 722 3957 Vestra
745 3890 898 3958 Sanctitas
927 3908 1030 3978 optat,
1062 3890 1129 3956 eius
1152 3911 1237 3956 nunc
1260 3889 1463 3977 potissimum
1491 3885 1634 3973 benigni·

266 4010 363 4061 tatem
387 3996 420 4062 in
444 3994 506 4063 hoc
520 4007 635 4063 nostro
652 3995 828 4063 obtinendo
845 3994 1003 4064 desiderio
1019 4007 1199 4085 promptam
1216 3994 1402 4083 facilemque
1420 4005 1632 4082 expectemus.

475 4100 508 4167 Ε.
532 4101 573 4168 V.
597 4101 629 4168 S.

371 4256 605 4327 Devotissimus
628 4278 721 4349 atque
739 4258 1044 4350 obsequentissimus
1059 4257 1152 4343 filius,
1175 4259 1238 4327 Dei
1260 4259 1359 4348 gratia
1381 4281 1436 4325 rex
1452 4255 1586 4345 Angliae
1602 4267 1634 4323 et

268 4360 423 4447 Franciae,
449 4363 524 4433 fidei
545 4364 695 4435 defensor
716 4390 753 4434 ac
775 4365 925 4435 dominus
948 4365 1119 4434 Hiberniae

1155 4507 1321 4576 Henricus.

1286 4648 1396 4715 Petrus
1418 4645 1559 4712 Vannes.

476 4842 557 4898 Arch.
581 4843 666 4899 Vatic.
702 4843 718 4899 l.
748 4861 770 4899 c.
798 4842 816 4899 f.
841 4857 900 4913 234.
924 4841 1000 4915 Orig.
1041 4842 1094 4897 Die
1119 4839 1286 4895 Bnchstaben
1310 4838 1340 4893 E.
1365 4837 1399 4891 V.
1425 4836 1451 4890 S.
1476 4834 1573 4889 slehen
1596 4835 1632 4888 im

373 4928 493 5002 On'ginal
512 4948 562 4985 vor
579 4930 641 4986 dem
659 4931 873 5005 eigenhaudigen
893 4932 1002 4986 Zusatze
1020 4929 1160 4984 Heinrichs
1179 4926 1251 4982 Vlll.
1288 4924 1423 4981 Gedruclrt
1441 4923 1484 4978 bei
1502 4921 1553 4977 Th.
1573 4922 1590 4977 l.
1609 4939 1631 4977 c.

374 5035 398 5088 p.
420 5032 469 5091 559
486 5037 512 5073 n.
531 5035 591 5091 991,
610 5020 653 5074 bei
671 5020 777 5075 Pococlr
797 5020 813 5074 1.
833 5038 854 5074 c.
874 5020 894 5090 l.
913 5038 939 5092 p.
961 5020 992 5073 18
1012 5017 1081 5073 nach
1099 5016 1162 5070 dem
1180 5014 1326 5070 Entwurt'e.
