3820 5592
264 355 327 410 ¹5²7
347 336 505 394 Dezernber.
1588 328 1627 395 15

261 500 363 588 primo
386 496 544 567 affinitatis
567 497 666 587 gradu
694 500 831 567 invicem
856 496 926 567 fore
950 500 1158 581 coniunctos,
1186 500 1427 567 matrimonium
1455 522 1512 588 pet
1535 500 1630 570 verba

259 605 332 674 alias
354 605 495 694 legitime
519 605 559 674 de
579 607 747 694 praesenti,
770 604 853 673 nulla
876 604 987 674 saltem
1011 606 1164 673 canonica
1188 629 1243 673 seu
1267 604 1368 675 valida
1391 604 1628 695 dispensatione

259 710 393 801 desuper
416 710 556 795 obtenta,
580 712 724 802 quamvis
740 709 780 780 de
802 710 886 779 facto
910 712 1109 779 contraxistis
1125 710 1263 801 illudque
1287 712 1401 780 carnali
1424 712 1537 802 copula
1552 737 1630 782 con·

259 819 405 885 sumastis
437 842 472 886 ac
503 818 625 907 prolem
657 842 696 885 ex
729 816 913 886 huiusmodi
945 819 1152 886 matrimonio
1185 820 1376 907 suscepistis,
1410 822 1630 888 excommuni-

258 925 390 992 cationis
414 926 605 992 sententiam
628 921 836 1007 incurrendo;
861 936 892 991 et
915 947 989 992 cum
1005 924 1153 992 Maiestas
1169 921 1241 991 Tua
1260 926 1292 992 in
1315 924 1498 993 huiusmodi
1522 930 1630 996 matri·

258 1031 370 1097 monio
400 1028 517 1119 absque
545 1041 677 1119 peccato
704 1053 870 1097 remanere
904 1041 1054 1120 nequeat,
1096 1042 1126 1098 et
1160 1054 1201 1098 ne
1234 1029 1349 1099 diutius
1383 1033 1415 1098 in
1444 1032 1629 1102 huiusmodi

259 1155 392 1224 peccato
417 1148 447 1211 et
471 1137 811 1204 excommunicationis
834 1137 990 1204 sententia
1012 1146 1185 1217 remaneat,
1209 1133 1364 1205 desiderat
1387 1136 1424 1205 ab
1447 1138 1630 1207 huiusmodi

260 1243 599 1311 excommunicationis
622 1244 814 1311 sententiaa
837 1240 940 1310 iudice
965 1240 1176 1309 ecclesiastico
1193 1254 1399 1331 competente
1421 1243 1629 1314 absolutionis

258 1346 515 1417 benedictionem
532 1348 687 1431 obtinere,
711 1372 747 1416 ac
763 1349 1002 1417 matrimonium
1021 1349 1125 1437 ipsum
1146 1347 1265 1416 nullum
1289 1360 1320 1417 et
1340 1349 1511 1419 invalidum
1533 1350 1629 1421 fuisse

258 1454 375 1545 tibique
398 1454 503 1537 licere,
527 1479 600 1523 cum
624 1478 810 1546 quacunque
833 1454 891 1522 alia
913 1454 1062 1538 muliere,
1085 1454 1147 1522 alio
1170 1478 1237 1522 non
1262 1454 1437 1524 obsistente
1461 1459 1628 1541 canonico,

258 1563 498 1629 matrimonium
522 1562 710 1629 contrahere
735 1561 901 1643 declarari,
930 1580 962 1627 et
989 1561 1023 1628 in
1052 1571 1202 1629 eventum
1231 1558 1452 1629 declarationis
1479 1561 1628 1631 nullitatis

259 1668 454 1736 matrimonii
477 1666 661 1735 huiusmodi
683 1679 790 1735 tecum
815 1666 1006 1756 dispensari,
1035 1678 1067 1734 ut
1092 1689 1166 1735 cum
1195 1690 1383 1757 quacunque
1405 1666 1463 1735 alia
1485 1668 1629 1754 muliere,

259 1775 381 1842 etiamsi
404 1772 454 1841 illa
476 1773 545 1842 talis
568 1776 624 1858 sit,
652 1797 732 1864 quae
755 1773 829 1841 alias
853 1796 926 1841 cum
950 1772 1011 1840 alio
1036 1774 1276 1841 matrimonium
1304 1775 1510 1858 contraxerit,
1538 1775 1632 1844 dum·

260 1879 360 1947 modo
384 1878 459 1948 illud
483 1880 597 1948 carnali
613 1879 726 1969 copula
750 1902 816 1947 nou
834 1881 1080 1964 consumaverit,
1105 1880 1228 1948 etiamsi
1250 1879 1306 1947 tibi
1324 1880 1398 1948 alias
1417 1880 1560 1950 secundo
1578 1882 1630 1951 vel

258 1988 424 2055 remotiori
448 1988 740 2076 consanguinitatis,
763 1997 816 2055 aut
839 1987 944 2076 primo
961 1983 1119 2054 affinitatis
1142 1985 1241 2074 gradu
1265 2010 1304 2053 ex
1327 2010 1518 2077 quocunque
1541 1987 1628 2057 licito

259 2116 315 2160 seu
337 2092 447 2162 illicito
471 2094 557 2162 coitu
581 2093 768 2175 coniuncta,
797 2091 977 2160 dummodo
1001 2091 1107 2160 relicta
1130 2090 1205 2160 dicti
1228 2091 1329 2161 fratris
1356 2095 1402 2161 tui
1430 2115 1498 2160 non
1526 2093 1629 2178 fuerit,

259 2223 294 2267 ac
317 2201 440 2267 etiamsi
464 2201 657 2288 cognatione
685 2198 836 2288 spirituali
865 2198 916 2267 vel
944 2197 1035 2286 legali
1065 2196 1121 2266 tibi
1149 2199 1320 2267 coniuncta
1349 2201 1485 2268 extiterit
1512 2220 1543 2268 et
1571 2201 1630 2267 im·

258 2304 478 2395 pedimentum
515 2305 656 2394 publicae
693 2305 867 2373 honestatis
902 2305 1037 2373 iustitiae
1071 2303 1235 2387 subsistat,
1273 2305 1515 2374 matrimonium
1544 2305 1628 2375 licite

260 2412 447 2480 contrahere
471 2413 559 2480 etin
582 2435 622 2479 eo
645 2411 741 2479 libere
764 2433 929 2479 remanere
945 2435 981 2479 ac
1005 2434 1043 2479 ex
1067 2433 1107 2479 eo
1130 2410 1254 2499 prolem
1270 2410 1446 2499 legitimam
1469 2414 1630 2501 suscipere

259 2520 371 2607 possis.
419 2518 528 2597 Quare
550 2541 610 2607 pro
633 2530 722 2607 parte
744 2519 790 2586 tui
813 2519 996 2605 asserentis,
1027 2540 1065 2585 ex
1092 2518 1229 2606 antiquis
1257 2518 1416 2586 chronicis
1439 2520 1529 2607 regni
1552 2542 1630 2587 con·

259 2636 351 2708 stare,
368 2627 399 2693 in
416 2626 487 2713 ipso
502 2648 604 2713 regno
621 2648 715 2715 quam
733 2623 819 2713 plura
834 2624 1018 2712 gravissima
1038 2622 1116 2691 bella
1139 2646 1233 2713 saepe
1254 2636 1363 2692 exorta
1379 2636 1411 2692 et
1427 2625 1628 2694 christianam

260 2755 369 2820 pacem
387 2743 418 2800 et
434 2730 639 2800 concordiam
655 2731 805 2800 violatam
817 2729 912 2798 fuisse
927 2742 1058 2818 propter
1073 2730 1190 2818 impios
1206 2730 1356 2798 homines
1371 2754 1427 2798 sua
1444 2729 1628 2800 detestanda

260 2837 413 2927 regnandi
437 2849 468 2905 et
492 2836 679 2906 dominandi
701 2836 830 2905 libidine
854 2838 1016 2919 excitatos,
1040 2834 1274 2924 confingentes,
1298 2861 1336 2903 ex
1359 2838 1449 2906 iustis
1472 2849 1504 2906 et
1526 2838 1629 2927 legiti-

261 2946 320 3012 mis
348 2943 548 3033 quorundam
577 2946 821 3032 progenitorum
854 2954 886 3011 et
917 2955 1156 3011 antecessorum
1188 2956 1318 3012 tuorum
1347 2944 1481 3033 Angliae
1515 2967 1629 3033 regum

261 3052 377 3140 nuptiis
410 3062 594 3138 procreatos
628 3049 810 3137 illegitimos
845 3047 914 3117 fore
948 3061 1077 3138 propter
1108 3049 1235 3139 aliquod
1264 3052 1547 3140 consanguinitatis
1578 3052 1630 3121 vel

260 3155 418 3225 affinitatis
450 3154 624 3224 confictum
649 3154 926 3244 impedimentum,
958 3167 989 3223 et
1012 3167 1180 3244 propterea
1203 3154 1355 3224 inhabiles
1379 3179 1448 3225 esse
1471 3156 1510 3224 ad
1538 3160 1630 3247 regni

260 3265 506 3345 successionem,
531 3262 667 3352 indeque
691 3260 902 3331 miserandam
926 3262 1104 3351 principum
1128 3284 1163 3329 ac
1186 3285 1356 3350 procerum
1381 3274 1412 3331 et
1435 3263 1629 3352 populorum

261 3367 457 3437 subditorum
481 3389 620 3458 stragem
648 3387 789 3437 secutam
813 3366 923 3436 fuisse:
952 3367 1046 3436 nobis
1073 3367 1133 3436 tuit
1155 3367 1315 3436 humiliter
1342 3368 1566 3458 supplicatum,
1595 3382 1630 3439 ut

260 3477 350 3565 regni
372 3477 419 3544 tui
440 3491 633 3566 tuorumque
655 3474 854 3543 subditorum
877 3474 1090 3564 tranquillitati
1121 3486 1153 3543 et
1179 3477 1249 3563 paci
1276 3476 1432 3563 imprimis
1462 3475 1630 3545 consulere

261 3593 292 3650 et
313 3584 407 3652 tantis
430 3582 520 3650 malis
544 3581 671 3651 obviare
700 3605 736 3649 ac
763 3580 821 3649 alia
848 3582 881 3648 in
910 3582 1091 3669 praemissis
1114 3593 1295 3669 opportuna
1317 3580 1457 3650 remedia
1480 3581 1629 3652 adhibere

260 3686 299 3756 de
329 3686 523 3776 benignitate
555 3686 728 3777 apostolica
758 3686 970 3776 dignaremur.
1022 3687 1094 3755 Nos
1124 3689 1177 3776 qui
1208 3689 1353 3755 omnium
1384 3711 1509 3777 regum,
1539 3712 1629 3779 prae·

259 3795 368 3863 sertim
380 3795 553 3863 Maiestatis
563 3793 653 3863 Tuae
665 3792 707 3861 ob
720 3795 786 3861 eius
802 3816 896 3883 quam
909 3792 1044 3882 plurima
1055 3794 1213 3861 immensa
1224 3795 1257 3861 in
1269 3816 1330 3861 nos
1347 3805 1379 3862 et
1394 3794 1475 3863 hanc
1487 3808 1629 3864 sanctam

259 3899 384 3983 sedem,
412 3901 445 3968 in
474 3924 535 3991 qua
562 3901 772 3988 permissione
803 3898 907 3968 divina
935 3898 1099 3982 sedemus,
1128 3898 1241 3968 collata
1268 3899 1437 3984 beneficia,
1466 3901 1543 3972 dum
1570 3904 1630 3970 ini·

260 4009 417 4097 quissimis
439 4006 771 4096 pestilentissimorum
795 4006 965 4074 bominum
990 4005 1169 4087 conatibus,
1199 4007 1253 4095 qui
1277 4029 1347 4074 eam
1370 4007 1485 4095 partim
1511 4008 1629 4077 viribus

260 4125 291 4183 et
312 4113 462 4182 scelerata
483 4112 621 4197 audacia,
643 4114 758 4202 partim
781 4135 929 4201 perversa
944 4111 1088 4181 doctrina
1110 4110 1282 4180 labefacere
1304 4112 1526 4198 moliebantur,
1549 4127 1628 4184 stre·

260 4222 410 4289 nuissime
434 4244 507 4288 cum
531 4219 647 4288 uiribus
671 4231 703 4288 et
725 4218 848 4308 gladio,
875 4231 943 4287 turn
969 4218 1090 4286 calamo
1122 4220 1217 4287 etiam
1245 4237 1276 4286 et
1308 4218 1487 4289 eruditione
1514 4239 1567 4289 tua
1594 4223 1627 4290 in

260 4325 326 4395 dies
347 4325 507 4396 vindicare
530 4350 597 4394 non
621 4348 734 4409 cessas,
758 4326 945 4415 petitiones,
974 4326 1159 4413 praesertim
1182 4324 1315 4393 salutem
1346 4326 1522 4394 animarum
1552 4350 1629 4395 con·

261 4446 440 4515 cernentes,
469 4451 622 4522 quantum
651 4457 725 4501 cum
748 4432 821 4499 Deo
850 4455 1020 4520 possumus
1043 4431 1082 4499 ad
1106 4430 1317 4499 exauditionis
1338 4433 1472 4520 gratiam
1494 4430 1629 4502 libenter

260 4538 454 4609 admittimus
478 4562 653 4629 eorumque
677 4539 820 4607 honestis
843 4541 926 4607 votis
949 4537 1160 4606 favorabiliter
1183 4536 1365 4605 adnuimus:
1390 4559 1429 4604 ex
1446 4540 1628 4626 praemissis

261 4658 292 4715 et
320 4645 482 4714 nonnullis
511 4645 577 4713 aliis
607 4644 700 4713 nobis
730 4646 815 4713 notis
843 4645 944 4712 causis
974 4642 1158 4712 huiusmodi
1184 4641 1462 4732 supplicationibus
1489 4642 1629 4713 inclinati

261 4771 376 4836 tecum,
400 4762 435 4820 ut
462 4753 488 4819 si
511 4754 691 4840 contingat,
720 4752 962 4819 matrimonium
991 4775 1063 4819 curn
1091 4748 1228 4839 praefata
1251 4749 1423 4817 Catherina
1449 4747 1523 4815 alias
1551 4774 1628 4819 con·

261 4872 394 4928 tractum
421 4858 541 4926 nullum
570 4857 666 4926 fuisse
697 4869 729 4926 et
756 4881 826 4926 esse
854 4856 1003 4926 declarari
1030 4868 1124 4946 teque
1151 4856 1189 4924 ab
1217 4855 1298 4923 illius
1331 4853 1459 4923 vinculo
1485 4853 1628 4943 legitime

262 4965 394 5048 absolvi,
424 4988 496 5032 curu
524 4987 712 5055 quacunque
742 4963 874 5032 muliere
904 4964 1033 5053 ipsaque
1063 4962 1175 5031 mulier
1202 4975 1324 5045 tecum,
1353 4958 1533 5029 dummodo
1556 4974 1628 5035 ate
