3820 5592
289 360 353 427 1528
372 358 453 430 April.
1611 344 1653 407 23

389 520 481 587 Pater
495 530 614 587 sancte.
654 518 773 602 Credo,
797 519 884 610 quod
906 541 1015 587 coram
1031 518 1202 585 Sanctitate
1213 517 1327 585 Vestra
1351 517 1470 599 omnia,
1493 539 1573 605 quae
1597 540 1653 605 po·

285 636 386 693 terant
401 625 594 694 considerari
617 626 698 694 circa
714 627 958 694 concessionem
975 636 1006 693 et
1022 623 1270 712 denegationem
1286 623 1534 705 commissionis,
1557 646 1652 712 quam

285 743 426 800 oratores
455 732 538 820 tegis
564 732 697 820 Angliae
725 734 809 820 regis
837 732 970 798 nomine
998 742 1110 819 petunt
1137 753 1154 796 a
1177 729 1347 798 Sanctitate
1366 730 1493 811 Vestra,
1521 727 1654 797 adducta

284 836 418 905 fuerunt.
464 838 559 919 Quae
589 850 757 928 propterea
788 839 819 904 in
851 837 974 925 scriptis
1004 835 1133 903 inferius
1163 848 1316 904 annotare
1343 835 1445 918 volui,
1476 847 1510 903 ut
1541 834 1653 903 eadem

179 934 195 957 ⁰
284 942 436 1011 Sanctitas
453 944 566 1011 Vestra
589 943 715 1012 illorum
739 966 867 1011 memor
891 967 960 1011 esse
983 943 1094 1032 possit.

387 1067 504 1135 Petunt
520 1068 616 1150 enim,
640 1068 672 1135 in
696 1069 762 1157 ipsa
781 1067 1010 1135 commissione
1033 1089 1089 1156 pet
1105 1066 1309 1134 Sanctitatem
1322 1066 1470 1133 Vestram
1494 1063 1653 1148 declarari,

284 1195 390 1240 causas
413 1173 445 1240 in
467 1174 697 1241 commissione
721 1196 892 1262 expressas,
916 1174 942 1240 si
958 1183 1032 1240 sunt
1046 1194 1149 1255 verae,
1173 1169 1366 1240 sufficientes
1389 1170 1428 1239 ad
1454 1169 1654 1239 reddendum

283 1277 399 1347 litteras
423 1278 668 1370 dispensationis
683 1279 924 1349 matrimonialis
948 1279 1140 1369 surreptitias
1157 1289 1188 1346 et
1204 1276 1303 1346 nullas
1328 1289 1358 1346 et
1381 1300 1436 1367 per
1453 1301 1654 1366 consequens

283 1386 533 1470 matrimonium,
556 1384 678 1454 illarum
695 1387 806 1474 vigore
823 1398 1021 1454 contractum
1046 1384 1166 1454 nullum
1191 1398 1222 1453 et
1238 1382 1426 1468 invalidum;
1450 1407 1510 1452 nec
1528 1396 1653 1473 poterat

284 1492 328 1559 eis
350 1491 541 1580 persuaderi,
564 1491 652 1583 quod
670 1494 744 1561 satis
760 1505 854 1575 esset,
879 1491 965 1582 quod
981 1491 1134 1560 Sanctitas
1151 1491 1265 1558 Vestra
1288 1491 1505 1559 committeret
1528 1513 1653 1558 causam

283 1595 435 1665 iudicibus
457 1599 489 1665 in
506 1596 655 1686 partibus,
678 1617 713 1666 ut
732 1599 790 1687 ipsi
814 1621 881 1666 non
896 1597 1001 1665 solum
1026 1598 1253 1679 examinarent,
1276 1597 1302 1663 si
1322 1620 1432 1664 causae
1456 1595 1525 1664 illae
1549 1617 1654 1664 essent

283 1725 385 1786 verae,
408 1702 465 1772 sed
481 1706 575 1772 etiam
599 1702 792 1773 sufficientes
814 1702 854 1772 ad
876 1702 1075 1772 reddendum
1099 1703 1216 1772 litteras
1232 1701 1476 1791 dispensationis
1499 1701 1599 1770 nullas
1624 1714 1655 1771 et

283 1811 484 1899 surreptitias.

387 1932 600 2022 Replicabant,
624 1934 711 2025 quod
733 1958 787 2002 rex
810 1947 934 2024 poterat
950 1957 969 2002 a
984 1932 1086 2002 iudice
1110 1957 1169 2000 suo
1186 1931 1346 2000 ordinario
1371 1933 1404 1999 in
1420 1955 1523 2021 regno
1546 1931 1578 2000 id
1598 1932 1654 2001 ob·

282 2040 392 2108 tinere.
431 2039 677 2130 Respondebam
701 2042 756 2124 eis,
780 2041 843 2109 boc
867 2059 951 2110 cette
976 2039 1089 2108 melius
1111 2038 1198 2122 fore3
1226 2037 1427 2128 replicabant,
1450 2039 1513 2107 hoc
1536 2063 1553 2107 a
1572 2040 1655 2128 Papa

283 2145 426 2214 obtinere
448 2145 529 2215 velle
551 2167 682 2237 propter
705 2149 860 2215 maiorem
884 2147 1115 2216 auctoritatem.
1161 2145 1245 2212 Nam
1269 2146 1295 2211 si
1318 2144 1381 2212 hoc
1408 2142 1499 2213 fieret
1521 2169 1538 2212 a
1561 2146 1654 2234 Papa,

283 2274 397 2319 omnes
424 2252 533 2343 populi
560 2255 651 2342 regni
674 2253 809 2342 Angliae
836 2252 869 2322 id
892 2254 960 2321 sine
990 2250 1171 2321 difficultate
1199 2249 1361 2319 laudarent
1389 2262 1422 2319 et
1444 2250 1655 2340 approbarent

283 2369 315 2426 et
336 2355 419 2426 facto
439 2360 685 2448 acquiescerent,
709 2358 796 2450 quod
820 2383 886 2428 non
912 2378 1005 2443 esset,
1029 2360 1055 2426 si
1078 2358 1168 2427 fieret
1191 2356 1229 2425 ab
1245 2357 1406 2426 ordinario
1429 2356 1480 2426 vel
1502 2356 1567 2425 aliis
1591 2357 1655 2445 epi·

282 2466 387 2553 scopis
410 2466 510 2554 regni.

386 2588 470 2658 Dedi
497 2590 659 2658 Sanctitati
683 2591 816 2658 Vestrae
847 2591 1002 2660 minutam
1034 2589 1283 2671 commissionis,
1314 2611 1393 2678 quae
1422 2610 1480 2677 per
1510 2587 1652 2657 officium

283 2692 568 2762 contradictarum1
591 2695 649 2763 sub
664 2693 797 2783 plumbo
814 2694 953 2784 expediri
977 2706 1093 2784 potest,
1117 2706 1148 2762 et
1171 2717 1338 2784 perquam
1362 2695 1573 2762 committitur
1589 2697 1653 2784 epi·

282 2824 381 2889 scopo
405 2824 462 2868 seu
485 2801 657 2891 episcopis,
679 2800 767 2891 quod
790 2802 984 2892 inquirerent
1007 2802 1189 2884 veritatem,
1217 2801 1243 2868 si
1265 2799 1384 2869 litterae
1408 2798 1652 2888 dispensationis

282 2905 521 2974 matrimonialis
549 2924 623 2974 sunt
651 2929 689 2975 ex
712 2909 813 2975 causis
840 2908 942 2975 ineis
967 2907 1121 2996 expressis
1148 2907 1345 2996 surreptitiae
1374 2918 1406 2975 et
1428 2906 1596 2991 invalidae,
1621 2920 1652 2977 et

282 3031 445 3102 comperta
469 3013 601 3081 veritate
628 3035 685 3101 per
713 3036 786 3081 eum
816 3011 933 3082 feretur
960 3014 1126 3082 sententia.
1172 3015 1250 3082 Non
1279 3012 1394 3101 placuit
1424 3013 1469 3081 eis
1498 3012 1650 3098 dicentes,

280 3141 335 3206 per
353 3118 558 3186 Sanctitatem
572 3119 720 3187 Vestram
743 3119 871 3188 rescribi
895 3119 1020 3204 debere,
1044 3131 1139 3210 prout
1160 3120 1193 3187 in
1218 3118 1432 3205 decretalibus·
1446 3121 1581 3210 antiquis
1604 3123 1651 3190 in·

280 3225 404 3293 venitur
425 3225 590 3313 scriptum,
614 3225 699 3316 quod
718 3224 891 3295 Pontifices
914 3228 1045 3295 narratis
1067 3225 1304 3316 impedimentis
1321 3224 1564 3295 committebant
1587 3229 1651 3317 epi·

279 3354 390 3420 scopo,
413 3351 448 3399 ut
471 3331 496 3398 si
520 3331 562 3398 ita
578 3354 647 3399 esse
670 3333 831 3421 reperiret,
854 3334 896 3401 ita
918 3335 1058 3422 praecise
1074 3332 1254 3415 declararet,
1279 3344 1310 3401 et
1333 3333 1366 3400 in
1382 3333 1445 3401 hoc
1468 3334 1649 3421 persistunt,

279 3435 431 3519 dicentes,
455 3435 542 3526 quod
566 3436 592 3504 si
615 3439 657 3505 ita
679 3437 748 3520 fiat,
772 3436 842 3521 fiet,
869 3438 957 3529 quod
981 3439 1058 3507 olim
1081 3437 1150 3507 fieri
1173 3450 1390 3507 consueverat.
1437 3438 1649 3528 Replicabam,

279 3540 365 3632 quod
391 3541 445 3610 illo
469 3553 616 3631 tempore
645 3555 710 3612 erat
733 3568 880 3628 necesse,
909 3546 953 3612 ita
974 3543 1058 3628 fieri,
1081 3546 1153 3635 quia
1181 3545 1214 3612 in
1237 3544 1296 3612 illis
1319 3544 1440 3613 casibus
1469 3565 1536 3612 non
1560 3557 1649 3615 erant

279 3647 380 3717 adhuc
403 3647 479 3718 editi
495 3672 645 3733 canones,
668 3652 722 3740 qui
738 3674 827 3720 casus
850 3650 921 3719 illos
937 3650 1130 3720 deciderent.
1170 3651 1277 3720 Hodie
1300 3653 1387 3720 enirn
1411 3675 1551 3721 canones
1573 3651 1648 3721 editi

280 3757 476 3844 reperiuntur
498 3778 516 3822 a
539 3757 693 3825 Romanis
715 3755 932 3840 Pontificibus,
954 3780 1012 3846 per
1034 3780 1115 3848 quos
1138 3760 1337 3847 reperiuntur
1363 3757 1516 3827 declarata
1539 3761 1650 3828 omnia

278 3860 520 3950 impedimenta,
552 3886 632 3952 quae
664 3862 841 3952 impediunt
873 3865 1114 3932 matrimonium
1146 3863 1401 3933 contrahendum
1434 3877 1465 3934 et
1497 3864 1649 3935 dirimunt

279 3980 487 4036 contractum.
526 3967 565 4036 Et
579 3967 653 4036 licet
668 3969 700 4035 in
718 3971 947 4039 commissione
962 3971 1126 4060 proposita
1142 3970 1408 4060 impedimentum
1423 3972 1518 4060 primi
1533 3970 1648 4060 gradus

278 4071 434 4141 affinitatis
461 4072 523 4142 tale
546 4074 601 4157 sit,
629 4073 716 4164 quod
745 4074 897 4164 impediat
919 4077 1160 4145 matrimonium
1190 4076 1443 4146 contrahendum
1468 4096 1500 4145 et
1522 4077 1648 4146 dirimat

278 4190 486 4262 contractum,
510 4191 542 4248 et
564 4180 627 4248 boc
650 4204 707 4270 per
730 4205 870 4250 canones
893 4182 975 4250 clare
998 4184 1151 4273 reperitur
1174 4181 1432 4268 determinatum,
1454 4196 1563 4253 tamen
1586 4182 1648 4251 dis·

278 4287 465 4373 pensatione
487 4286 589 4375 Papae
612 4298 719 4376 potest
740 4287 809 4356 tolli
832 4287 915 4357 istud
938 4287 1214 4378 impedimentum.

382 4505 392 4538 ¹
415 4498 471 4552 Das
493 4496 620 4553 Officium
644 4499 711 4554 oder
734 4499 776 4554 die
801 4500 933 4556 audientia
958 4502 1188 4570 contradictarum,
1211 4520 1265 4557 von
1289 4502 1414 4557 welchen
1438 4503 1465 4555 ln
1488 4500 1550 4555 dem
1574 4499 1646 4571 engl.

276 4568 403 4624 Prozesse
422 4568 492 4623 oster
509 4568 584 4623 Rede
601 4571 643 4637 ist,
662 4588 718 4625 war
737 4571 796 4625 eine
815 4572 911 4644 eigene
928 4572 1074 4644 Abtellung
1092 4573 1139 4627 der
1157 4572 1329 4628 Cancellaria.
1365 4572 1426 4626 Ihre
1445 4570 1569 4642 Ausgabe
1587 4586 1644 4624 war

278 4640 336 4694 eine
354 4640 389 4694 do
408 4639 494 4711 pelte:
513 4656 595 4694 wenn
613 4656 703 4713 gegen
723 4643 782 4696 eine
819 4642 948 4715 apstliche
967 4642 1042 4697 Bulle
1060 4644 1126 4698 oder
1139 4643 1298 4714 Verffigung
1319 4641 1508 4713 Widersprucb
1527 4640 1645 4695 erhoben

277 4710 375 4778 wurde,
384 4658 468 4793 ‘batte
480 4709 526 4764 das
542 4708 588 4765 off.
602 4712 719 4766 contrad.
740 4713 782 4766 die
793 4659 880 4767 Sache
898 4731 930 4767 zu
942 4712 1037 4785 profen
1057 4713 1109 4767 und
1122 4713 1293 4785 notlgenfalls
1305 4713 1431 4767 lrrtumer
1443 4712 1510 4765 oder
1521 4710 1644 4765 Schreib-

278 4778 361 4835 sehler
383 4780 491 4835 andem
509 4780 626 4836 Deluete
648 4800 680 4836 zu
699 4784 864 4850 verbessem‚
889 4785 973 4839 bezw.
993 4783 1045 4839 den
1063 4784 1164 4856 Klager
1182 4784 1358 4838 abzuweisen.
1396 4781 1494 4835 Femer
1512 4781 1645 4852 gehonen

278 4848 318 4904 die
335 4851 622 4906 Kontumacialsachen
641 4853 695 4907 und
712 4854 760 4908 der
777 4853 860 4908 Erlass
879 4854 926 4909 der
938 4854 1179 4909 Citationsdelrrete
1197 4871 1247 4908 vor
1264 4853 1351 4906 dieses
1364 4851 1499 4907 Officium.
1531 4850 1558 4905 S.
1572 4849 1644 4904 Gae-

277 4928 338 4975 tano
356 4922 464 4976 Moruni
482 4921 635 4977 Ditionan‘o
652 4940 674 4978 s.
692 4943 717 4978 v.
737 4924 849 4979 Uditote
867 4924 937 4980 delle
956 4925 1156 4981 Contraddette.
1191 4925 1242 4978 Die
1260 4923 1407 4994 Erldirung
1424 4922 1467 4976 bei
1486 4920 1530 4976 Du
1549 4920 1644 4992 eange

278 5007 298 5044 s.
316 5011 340 5047 ν.
359 4991 487 5047 Contrad
506 4992 637 5048 audientia
655 4994 690 5049 ist
707 4995 781 5050 nicht
799 4995 953 5050 zutreffend
