<?xml version="1.0" encoding="UTF-8"?>
<!DOCTYPE html PUBLIC "-//W3C//DTD XHTML 1.0 Transitional//EN"
    "http://www.w3.org/TR/xhtml1/DTD/xhtml1-transitional.dtd">
<html xmlns="http://www.w3.org/1999/xhtml" xml:lang="en" lang="en">
 <head>
  <title>
</title>
<meta http-equiv="Content-Type" content="text/html;charset=utf-8" />
  <meta name='ocr-system' content='tesseract 3.04.00' />
  <meta name='ocr-capabilities' content='ocr_page ocr_carea ocr_par ocr_line ocrx_word'/>
</head>
<body>
  <div class='ocr_page' id='page_1' title='image "./rmischedokument01ehsegoog_0143.png"; bbox 0 0 3842 5592; ppageno 0'>
   <div class='ocr_carea' id='block_1_1' title="bbox 263 356 1628 441">
    <p class='ocr_par' dir='ltr' id='par_1_1' title="bbox 263 356 1628 441">
     <span class='ocr_line' id='line_1_1' title="bbox 263 356 1628 441; baseline -0.002 -21"><span class='ocrx_word' id='word_1_1' title='bbox 263 383 328 441; x_wconf 82' lang='lat'>¹5²9</span> <span class='ocrx_word' id='word_1_2' title='bbox 346 367 406 422; x_wconf 85' lang='lat' dir='ltr'>Mai.</span> <span class='ocrx_word' id='word_1_3' title='bbox 1588 356 1628 418; x_wconf 87' lang='grc'>91</span> 
     </span>
    </p>
   </div>
   <div class='ocr_carea' id='block_1_2' title="bbox 256 526 1714 5076">
    <p class='ocr_par' dir='ltr' id='par_1_2' title="bbox 256 526 1632 3483">
     <span class='ocr_line' id='line_1_2' title="bbox 363 526 1631 616; baseline 0.002 -23"><span class='ocrx_word' id='word_1_4' title='bbox 363 527 458 596; x_wconf 90' lang='lat' dir='ltr'>Dove</span> <span class='ocrx_word' id='word_1_5' title='bbox 480 552 524 596; x_wconf 91' lang='lat' dir='ltr'>m.</span> <span class='ocrx_word' id='word_1_6' title='bbox 548 527 723 595; x_wconf 86' lang='lat' dir='ltr'>Francesco</span> <span class='ocrx_word' id='word_1_7' title='bbox 746 527 869 614; x_wconf 88' lang='lat' dir='ltr'>rispose</span> <span class='ocrx_word' id='word_1_8' title='bbox 896 549 952 614; x_wconf 90' lang='lat' dir='ltr'>per</span> <span class='ocrx_word' id='word_1_9' title='bbox 974 526 1002 594; x_wconf 86' lang='lat' dir='ltr'>la</span> <span class='ocrx_word' id='word_1_10' title='bbox 1025 550 1080 594; x_wconf 88' lang='lat' dir='ltr'>sua</span> <span class='ocrx_word' id='word_1_11' title='bbox 1104 545 1191 616; x_wconf 90' lang='lat' dir='ltr'>parte</span> <span class='ocrx_word' id='word_1_12' title='bbox 1214 526 1576 612; x_wconf 86' lang='lat' dir='ltr'>accommodatamenre,</span> <span class='ocrx_word' id='word_1_13' title='bbox 1599 540 1631 596; x_wconf 90' lang='lat' dir='ltr'>et</span> 
     </span>
     <span class='ocr_line' id='line_1_3' title="bbox 259 632 1630 722; baseline 0 -20"><span class='ocrx_word' id='word_1_14' title='bbox 259 632 345 722; x_wconf 92' lang='lat' dir='ltr'>dopo</span> <span class='ocrx_word' id='word_1_15' title='bbox 361 633 403 701; x_wconf 90' lang='lat' dir='ltr'>lui</span> <span class='ocrx_word' id='word_1_16' title='bbox 428 633 448 700; x_wconf 91' lang='lat' dir='ltr'>il</span> <span class='ocrx_word' id='word_1_17' title='bbox 471 635 538 701; x_wconf 90' lang='lat' dir='ltr'>mio</span> <span class='ocrx_word' id='word_1_18' title='bbox 562 634 742 715; x_wconf 91' lang='lat' dir='ltr'>secretario,</span> <span class='ocrx_word' id='word_1_19' title='bbox 766 632 972 700; x_wconf 90' lang='lat' dir='ltr'>sentendomi</span> <span class='ocrx_word' id='word_1_20' title='bbox 994 644 1083 701; x_wconf 91' lang='lat' dir='ltr'>tanto</span> <span class='ocrx_word' id='word_1_21' title='bbox 1103 657 1243 722; x_wconf 82' lang='lat' dir='ltr'>gravare,</span> <span class='ocrx_word' id='word_1_22' title='bbox 1267 634 1365 702; x_wconf 89' lang='lat' dir='ltr'>disse:</span> <span class='ocrx_word' id='word_1_23' title='bbox 1391 634 1484 702; x_wconf 86' lang='lat' dir='ltr'>Sacra</span> <span class='ocrx_word' id='word_1_24' title='bbox 1498 635 1630 718; x_wconf 76' lang='lat' dir='ltr'>Maesta,</span> 
     </span>
     <span class='ocr_line' id='line_1_4' title="bbox 259 738 1630 829; baseline 0.001 -22"><span class='ocrx_word' id='word_1_25' title='bbox 259 743 290 807; x_wconf 92' lang='lat' dir='ltr'>io</span> <span class='ocrx_word' id='word_1_26' title='bbox 313 742 430 828; x_wconf 84' lang='lat' dir='ltr'>veggio</span> <span class='ocrx_word' id='word_1_27' title='bbox 455 741 487 807; x_wconf 93' lang='lat' dir='ltr'>in</span> <span class='ocrx_word' id='word_1_28' title='bbox 510 751 619 829; x_wconf 89' lang='lat' dir='ltr'>questa</span> <span class='ocrx_word' id='word_1_29' title='bbox 642 738 769 829; x_wconf 87' lang='lat' dir='ltr'>querela</span> <span class='ocrx_word' id='word_1_30' title='bbox 793 738 853 806; x_wconf 89' lang='lat' dir='ltr'>due</span> <span class='ocrx_word' id='word_1_31' title='bbox 877 741 945 827; x_wconf 87' lang='lat' dir='ltr'>capi</span> <span class='ocrx_word' id='word_1_32' title='bbox 968 740 1137 827; x_wconf 84' lang='lat' dir='ltr'><strong>pertinenti</strong></span> <span class='ocrx_word' id='word_1_33' title='bbox 1161 739 1189 807; x_wconf 85' lang='lat' dir='ltr'>al</span> <span class='ocrx_word' id='word_1_34' title='bbox 1212 752 1324 828; x_wconf 88' lang='lat' dir='ltr'>patron</span> <span class='ocrx_word' id='word_1_35' title='bbox 1348 742 1430 808; x_wconf 93' lang='lat' dir='ltr'>mio:</span> <span class='ocrx_word' id='word_1_36' title='bbox 1458 739 1547 808; x_wconf 85' lang='lat' dir='ltr'>l&#39;uno</span> <span class='ocrx_word' id='word_1_37' title='bbox 1572 741 1630 808; x_wconf 90' lang='lat' dir='ltr'>che</span> 
     </span>
     <span class='ocr_line' id='line_1_5' title="bbox 258 844 1631 935; baseline 0.001 -23"><span class='ocrx_word' id='word_1_38' title='bbox 258 848 291 912; x_wconf 92' lang='lat' dir='ltr'>in</span> <span class='ocrx_word' id='word_1_39' title='bbox 314 869 412 913; x_wconf 90' lang='lat' dir='ltr'>nome</span> <span class='ocrx_word' id='word_1_40' title='bbox 436 845 467 914; x_wconf 94' lang='lat' dir='ltr'>di</span> <span class='ocrx_word' id='word_1_41' title='bbox 491 846 553 914; x_wconf 86' lang='lat' dir='ltr'>Sua</span> <span class='ocrx_word' id='word_1_42' title='bbox 575 846 694 914; x_wconf 79' lang='lat' dir='ltr'>Santitl</span> <span class='ocrx_word' id='word_1_43' title='bbox 717 844 826 913; x_wconf 84' lang='lat' dir='ltr'>habbia</span> <span class='ocrx_word' id='word_1_44' title='bbox 849 868 1018 934; x_wconf 90' lang='lat' dir='ltr'>promesso</span> <span class='ocrx_word' id='word_1_45' title='bbox 1042 845 1099 913; x_wconf 84' lang='lat' dir='ltr'>alla</span> <span class='ocrx_word' id='word_1_46' title='bbox 1122 846 1242 913; x_wconf 77' lang='lat' dir='ltr'>Maesta</span> <span class='ocrx_word' id='word_1_47' title='bbox 1260 847 1376 913; x_wconf 89' lang='lat' dir='ltr'>Vostra</span> <span class='ocrx_word' id='word_1_48' title='bbox 1399 859 1509 935; x_wconf 88' lang='lat' dir='ltr'>questa</span> <span class='ocrx_word' id='word_1_49' title='bbox 1532 846 1631 935; x_wconf 91' lang='lat' dir='ltr'>pleni-</span> 
     </span>
     <span class='ocr_line' id='line_1_6' title="bbox 257 950 1631 1041; baseline 0 -22"><span class='ocrx_word' id='word_1_50' title='bbox 257 950 377 1035; x_wconf 87' lang='lat' dir='ltr'>tudine,</span> <span class='ocrx_word' id='word_1_51' title='bbox 400 950 513 1035; x_wconf 85' lang='lat' dir='ltr'>l&#39;altro,</span> <span class='ocrx_word' id='word_1_52' title='bbox 541 952 601 1020; x_wconf 90' lang='lat' dir='ltr'>che</span> <span class='ocrx_word' id='word_1_53' title='bbox 625 950 735 1019; x_wconf 81' lang='lat' dir='ltr'>habbia</span> <span class='ocrx_word' id='word_1_54' title='bbox 757 953 886 1039; x_wconf 81' lang='lat' dir='ltr'><strong>scripte,</strong></span> <span class='ocrx_word' id='word_1_55' title='bbox 916 951 975 1020; x_wconf 93' lang='lat' dir='ltr'>che</span> <span class='ocrx_word' id='word_1_56' title='bbox 999 975 1066 1019; x_wconf 92' lang='lat' dir='ltr'>non</span> <span class='ocrx_word' id='word_1_57' title='bbox 1090 951 1130 1019; x_wconf 91' lang='lat' dir='ltr'>ha</span> <span class='ocrx_word' id='word_1_58' title='bbox 1153 951 1227 1019; x_wconf 85' lang='lat' dir='ltr'>dato</span> <span class='ocrx_word' id='word_1_59' title='bbox 1251 975 1269 1019; x_wconf 87' lang='lat' dir='ltr'>a</span> <span class='ocrx_word' id='word_1_60' title='bbox 1291 953 1332 1020; x_wconf 88' lang='lat' dir='ltr'>V.</span> <span class='ocrx_word' id='word_1_61' title='bbox 1357 952 1401 1019; x_wconf 91' lang='lat' dir='ltr'>M.</span> <span class='ocrx_word' id='word_1_62' title='bbox 1426 975 1461 1019; x_wconf 91' lang='lat' dir='ltr'>se</span> <span class='ocrx_word' id='word_1_63' title='bbox 1488 975 1555 1019; x_wconf 93' lang='lat' dir='ltr'>non</span> <span class='ocrx_word' id='word_1_64' title='bbox 1579 976 1631 1041; x_wconf 90' lang='lat' dir='ltr'>pa·</span> 
     </span>
     <span class='ocr_line' id='line_1_7' title="bbox 258 1056 1630 1147; baseline 0.001 -22"><span class='ocrx_word' id='word_1_65' title='bbox 258 1058 340 1141; x_wconf 93' lang='lat' dir='ltr'>role,</span> <span class='ocrx_word' id='word_1_66' title='bbox 364 1082 426 1126; x_wconf 92' lang='lat' dir='ltr'>ove</span> <span class='ocrx_word' id='word_1_67' title='bbox 454 1082 520 1126; x_wconf 93' lang='grc' dir='ltr'>ηοη</span> <span class='ocrx_word' id='word_1_68' title='bbox 544 1059 589 1125; x_wconf 91' lang='lat' dir='ltr'>sia</span> <span class='ocrx_word' id='word_1_69' title='bbox 610 1069 733 1126; x_wconf 86' lang='lat' dir='ltr'>attacco</span> <span class='ocrx_word' id='word_1_70' title='bbox 758 1070 789 1126; x_wconf 90' lang='lat' dir='ltr'>et</span> <span class='ocrx_word' id='word_1_71' title='bbox 812 1081 906 1146; x_wconf 89' lang='lat' dir='ltr'>super</span> <span class='ocrx_word' id='word_1_72' title='bbox 933 1056 1132 1147; x_wconf 85' lang='lat' dir='ltr'>generalibus</span> <span class='ocrx_word' id='word_1_73' title='bbox 1156 1077 1215 1125; x_wconf 89' lang='lat' dir='ltr'>erc.</span> <span class='ocrx_word' id='word_1_74' title='bbox 1263 1057 1302 1124; x_wconf 89' lang='lat' dir='ltr'>Al</span> <span class='ocrx_word' id='word_1_75' title='bbox 1325 1059 1430 1146; x_wconf 92' lang='lat' dir='ltr'>primo</span> <span class='ocrx_word' id='word_1_76' title='bbox 1459 1057 1542 1141; x_wconf 92' lang='lat' dir='ltr'>dico,</span> <span class='ocrx_word' id='word_1_77' title='bbox 1571 1059 1630 1126; x_wconf 92' lang='lat' dir='ltr'>che</span> 
     </span>
     <span class='ocr_line' id='line_1_8' title="bbox 258 1163 1629 1254; baseline 0.001 -23"><span class='ocrx_word' id='word_1_78' title='bbox 258 1188 325 1231; x_wconf 92' lang='grc' dir='ltr'>ηοη</span> <span class='ocrx_word' id='word_1_79' title='bbox 352 1189 390 1231; x_wconf 92' lang='lat' dir='ltr'>so</span> <span class='ocrx_word' id='word_1_80' title='bbox 413 1163 529 1254; x_wconf 90' lang='lat' dir='ltr'>quello,</span> <span class='ocrx_word' id='word_1_81' title='bbox 559 1163 617 1231; x_wconf 87' lang='lat' dir='ltr'>che</span> <span class='ocrx_word' id='word_1_82' title='bbox 640 1164 672 1231; x_wconf 89' lang='lat' dir='ltr'>S.</span> <span class='ocrx_word' id='word_1_83' title='bbox 697 1163 728 1231; x_wconf 82' lang='lat' dir='ltr'>S.</span> <span class='ocrx_word' id='word_1_84' title='bbox 752 1164 842 1232; x_wconf 90' lang='lat' dir='ltr'>Rma.</span> <span class='ocrx_word' id='word_1_85' title='bbox 870 1175 1082 1252; x_wconf 87' lang='lat' dir='ltr'>promettesse</span> <span class='ocrx_word' id='word_1_86' title='bbox 1109 1188 1127 1231; x_wconf 84' lang='lat' dir='ltr'>a</span> <span class='ocrx_word' id='word_1_87' title='bbox 1151 1165 1191 1231; x_wconf 89' lang='lat' dir='ltr'>V.</span> <span class='ocrx_word' id='word_1_88' title='bbox 1216 1164 1261 1231; x_wconf 90' lang='lat' dir='ltr'>M.</span> <span class='ocrx_word' id='word_1_89' title='bbox 1285 1166 1317 1231; x_wconf 90' lang='lat' dir='ltr'>in</span> <span class='ocrx_word' id='word_1_90' title='bbox 1346 1165 1503 1251; x_wconf 86' lang='lat' dir='ltr'>presentia</span> <span class='ocrx_word' id='word_1_91' title='bbox 1531 1163 1562 1231; x_wconf 95' lang='lat' dir='ltr'>di</span> <span class='ocrx_word' id='word_1_92' title='bbox 1585 1189 1629 1233; x_wconf 93' lang='lat' dir='ltr'>m.</span> 
     </span>
     <span class='ocr_line' id='line_1_9' title="bbox 257 1268 1631 1358; baseline -0.001 -19"><span class='ocrx_word' id='word_1_93' title='bbox 257 1272 443 1353; x_wconf 87' lang='lat' dir='ltr'>Francesc0,</span> <span class='ocrx_word' id='word_1_94' title='bbox 472 1294 524 1338; x_wconf 86' lang='lat' dir='ltr'>ma</span> <span class='ocrx_word' id='word_1_95' title='bbox 548 1270 606 1339; x_wconf 88' lang='lat' dir='ltr'>ella</span> <span class='ocrx_word' id='word_1_96' title='bbox 633 1293 673 1337; x_wconf 92' lang='lat' dir='ltr'>ne</span> <span class='ocrx_word' id='word_1_97' title='bbox 698 1268 773 1337; x_wconf 80' lang='lat' dir='ltr'>dara</span> <span class='ocrx_word' id='word_1_98' title='bbox 800 1293 926 1358; x_wconf 87' lang='lat' dir='ltr'>sempre</span> <span class='ocrx_word' id='word_1_99' title='bbox 954 1269 1040 1338; x_wconf 91' lang='lat' dir='ltr'>buon</span> <span class='ocrx_word' id='word_1_100' title='bbox 1071 1283 1170 1338; x_wconf 88' lang='lat' dir='ltr'>conto</span> <span class='ocrx_word' id='word_1_101' title='bbox 1200 1281 1231 1337; x_wconf 90' lang='lat' dir='ltr'>et</span> <span class='ocrx_word' id='word_1_102' title='bbox 1254 1293 1271 1336; x_wconf 90' lang='lat' dir='ltr'>a</span> <span class='ocrx_word' id='word_1_103' title='bbox 1293 1270 1335 1336; x_wconf 89' lang='lat' dir='ltr'>N.</span> <span class='ocrx_word' id='word_1_104' title='bbox 1360 1269 1496 1357; x_wconf 84' lang='lat' dir='ltr'>Signore</span> <span class='ocrx_word' id='word_1_105' title='bbox 1519 1282 1551 1338; x_wconf 92' lang='lat' dir='ltr'>et</span> <span class='ocrx_word' id='word_1_106' title='bbox 1573 1270 1631 1338; x_wconf 87' lang='lat' dir='ltr'>alla</span> 
     </span>
     <span class='ocr_line' id='line_1_10' title="bbox 258 1375 1629 1464; baseline 0 -19"><span class='ocrx_word' id='word_1_107' title='bbox 258 1378 379 1446; x_wconf 73' lang='lat' dir='ltr'>Maesti</span> <span class='ocrx_word' id='word_1_108' title='bbox 394 1378 521 1446; x_wconf 80' lang='lat' dir='ltr'>Vostra,</span> <span class='ocrx_word' id='word_1_109' title='bbox 560 1377 601 1444; x_wconf 89' lang='lat' dir='ltr'>Al</span> <span class='ocrx_word' id='word_1_110' title='bbox 624 1376 767 1445; x_wconf 88' lang='lat' dir='ltr'>secondo</span> <span class='ocrx_word' id='word_1_111' title='bbox 792 1376 850 1444; x_wconf 87' lang='lat' dir='ltr'>che</span> <span class='ocrx_word' id='word_1_112' title='bbox 875 1376 985 1444; x_wconf 88' lang='lat' dir='ltr'>habbia</span> <span class='ocrx_word' id='word_1_113' title='bbox 1008 1376 1082 1444; x_wconf 87' lang='lat' dir='ltr'>dato</span> <span class='ocrx_word' id='word_1_114' title='bbox 1099 1375 1206 1464; x_wconf 89' lang='lat' dir='ltr'>parole</span> <span class='ocrx_word' id='word_1_115' title='bbox 1230 1387 1261 1444; x_wconf 90' lang='lat' dir='ltr'>et</span> <span class='ocrx_word' id='word_1_116' title='bbox 1284 1375 1424 1464; x_wconf 87' lang='lat' dir='ltr'>generali</span> <span class='ocrx_word' id='word_1_117' title='bbox 1448 1388 1478 1443; x_wconf 92' lang='lat' dir='ltr'>et</span> <span class='ocrx_word' id='word_1_118' title='bbox 1501 1388 1629 1445; x_wconf 88' lang='lat' dir='ltr'>trattato</span> 
     </span>
     <span class='ocr_line' id='line_1_11' title="bbox 259 1481 1629 1572; baseline -0.001 -20"><span class='ocrx_word' id='word_1_119' title='bbox 259 1508 318 1552; x_wconf 88' lang='lat' dir='ltr'>con</span> <span class='ocrx_word' id='word_1_120' title='bbox 343 1485 384 1551; x_wconf 92' lang='lat' dir='ltr'>V.</span> <span class='ocrx_word' id='word_1_121' title='bbox 408 1485 454 1551; x_wconf 92' lang='lat' dir='ltr'>M.</span> <span class='ocrx_word' id='word_1_122' title='bbox 483 1483 764 1565; x_wconf 90' lang='lat' dir='ltr'>malitiosamente,</span> <span class='ocrx_word' id='word_1_123' title='bbox 794 1495 907 1572; x_wconf 90' lang='lat' dir='ltr'>questo</span> <span class='ocrx_word' id='word_1_124' title='bbox 932 1506 999 1550; x_wconf 92' lang='grc' dir='ltr'>ηοη</span> <span class='ocrx_word' id='word_1_125' title='bbox 1028 1484 1054 1550; x_wconf 90' lang='lat' dir='ltr'>si</span> <span class='ocrx_word' id='word_1_126' title='bbox 1076 1485 1202 1550; x_wconf 81' lang='lat' dir='ltr'>trovarl</span> <span class='ocrx_word' id='word_1_127' title='bbox 1224 1483 1302 1564; x_wconf 92' lang='lat' dir='ltr'>mai,</span> <span class='ocrx_word' id='word_1_128' title='bbox 1332 1482 1390 1549; x_wconf 88' lang='lat' dir='ltr'>che</span> <span class='ocrx_word' id='word_1_129' title='bbox 1414 1481 1524 1550; x_wconf 86' lang='lat' dir='ltr'>habbia</span> <span class='ocrx_word' id='word_1_130' title='bbox 1551 1482 1629 1550; x_wconf 87' lang='lat' dir='ltr'>fatto</span> 
     </span>
     <span class='ocr_line' id='line_1_12' title="bbox 258 1587 1631 1679; baseline 0 -23"><span class='ocrx_word' id='word_1_131' title='bbox 258 1612 279 1656; x_wconf 99' lang='grc' dir='ltr'><strong>ο</strong></span> <span class='ocrx_word' id='word_1_132' title='bbox 302 1591 431 1679; x_wconf 88' lang='lat' dir='ltr'>script0,</span> <span class='ocrx_word' id='word_1_133' title='bbox 459 1594 501 1658; x_wconf 75' lang='lat' dir='ltr'>ne</span> <span class='ocrx_word' id='word_1_134' title='bbox 523 1589 567 1657; x_wconf 89' lang='lat' dir='ltr'>lui</span> <span class='ocrx_word' id='word_1_135' title='bbox 590 1594 608 1658; x_wconf 80' lang='grc' dir='ltr'>ὲ</span> <span class='ocrx_word' id='word_1_136' title='bbox 632 1589 663 1657; x_wconf 93' lang='lat' dir='ltr'>di</span> <span class='ocrx_word' id='word_1_137' title='bbox 686 1589 728 1658; x_wconf 92' lang='lat' dir='ltr'>tal</span> <span class='ocrx_word' id='word_1_138' title='bbox 755 1602 856 1671; x_wconf 85' lang='lat' dir='ltr'>sorte,</span> <span class='ocrx_word' id='word_1_139' title='bbox 884 1613 937 1657; x_wconf 86' lang='lat' dir='ltr'>ma</span> <span class='ocrx_word' id='word_1_140' title='bbox 960 1589 1083 1657; x_wconf 90' lang='lat' dir='ltr'>huomo</span> <span class='ocrx_word' id='word_1_141' title='bbox 1113 1587 1213 1656; x_wconf 91' lang='lat' dir='ltr'>libero</span> <span class='ocrx_word' id='word_1_142' title='bbox 1237 1599 1269 1655; x_wconf 91' lang='lat' dir='ltr'>et</span> <span class='ocrx_word' id='word_1_143' title='bbox 1292 1589 1417 1656; x_wconf 89' lang='lat' dir='ltr'>sincero</span> <span class='ocrx_word' id='word_1_144' title='bbox 1442 1588 1549 1655; x_wconf 86' lang='lat' dir='ltr'>conii</span> <span class='ocrx_word' id='word_1_145' title='bbox 1577 1590 1631 1676; x_wconf 81' lang='lat' dir='ltr'>pili</span> 
     </span>
     <span class='ocr_line' id='line_1_13' title="bbox 257 1694 1630 1786; baseline -0.001 -23"><span class='ocrx_word' id='word_1_146' title='bbox 257 1696 310 1763; x_wconf 89' lang='lat' dir='ltr'>vili</span> <span class='ocrx_word' id='word_1_147' title='bbox 332 1697 478 1764; x_wconf 90' lang='lat' dir='ltr'>huomini</span> <span class='ocrx_word' id='word_1_148' title='bbox 502 1696 560 1763; x_wconf 88' lang='lat' dir='ltr'>che</span> <span class='ocrx_word' id='word_1_149' title='bbox 584 1697 686 1778; x_wconf 89' lang='lat' dir='ltr'>sieno,</span> <span class='ocrx_word' id='word_1_150' title='bbox 709 1720 776 1763; x_wconf 92' lang='grc' dir='ltr'>ηοη</span> <span class='ocrx_word' id='word_1_151' title='bbox 796 1696 855 1764; x_wconf 88' lang='lat' dir='ltr'>che</span> <span class='ocrx_word' id='word_1_152' title='bbox 878 1719 941 1764; x_wconf 92' lang='lat' dir='ltr'>con</span> <span class='ocrx_word' id='word_1_153' title='bbox 966 1694 1027 1764; x_wconf 87' lang='lat' dir='ltr'>tale</span> <span class='ocrx_word' id='word_1_154' title='bbox 1050 1697 1201 1785; x_wconf 87' lang='lat' dir='ltr'>principe,</span> <span class='ocrx_word' id='word_1_155' title='bbox 1226 1696 1315 1786; x_wconf 89' lang='lat' dir='ltr'>quale</span> <span class='ocrx_word' id='word_1_156' title='bbox 1341 1696 1415 1763; x_wconf 76' lang='lat' dir='ltr'>tv.</span> <span class='ocrx_word' id='word_1_157' title='bbox 1431 1694 1489 1778; x_wconf 81' lang='lat' dir='ltr'>M,</span> <span class='ocrx_word' id='word_1_158' title='bbox 1513 1706 1544 1763; x_wconf 90' lang='lat' dir='ltr'>et</span> <span class='ocrx_word' id='word_1_159' title='bbox 1567 1717 1630 1762; x_wconf 92' lang='lat' dir='ltr'>con</span> 
     </span>
     <span class='ocr_line' id='line_1_14' title="bbox 257 1799 1632 1892; baseline -0.002 -22"><span class='ocrx_word' id='word_1_160' title='bbox 257 1827 300 1870; x_wconf 91' lang='lat' dir='ltr'>un</span> <span class='ocrx_word' id='word_1_161' title='bbox 316 1803 356 1870; x_wconf 91' lang='lat' dir='ltr'>tal</span> <span class='ocrx_word' id='word_1_162' title='bbox 381 1803 511 1890; x_wconf 89' lang='lat' dir='ltr'>prelat0,</span> <span class='ocrx_word' id='word_1_163' title='bbox 536 1802 626 1892; x_wconf 89' lang='lat' dir='ltr'>quale</span> <span class='ocrx_word' id='word_1_164' title='bbox 650 1806 668 1869; x_wconf 76' lang='lat' dir='ltr'>e</span> <span class='ocrx_word' id='word_1_165' title='bbox 691 1802 712 1868; x_wconf 93' lang='lat' dir='ltr'>il</span> <span class='ocrx_word' id='word_1_166' title='bbox 731 1803 827 1871; x_wconf 90' lang='lat' dir='ltr'>Rm0.</span> <span class='ocrx_word' id='word_1_167' title='bbox 843 1801 1054 1871; x_wconf 88' lang='lat' dir='ltr'>Eboracense.</span> <span class='ocrx_word' id='word_1_168' title='bbox 1093 1804 1131 1870; x_wconf 89' lang='lat' dir='ltr'>Et</span> <span class='ocrx_word' id='word_1_169' title='bbox 1148 1801 1285 1871; x_wconf 90' lang='lat' dir='ltr'>essendo</span> <span class='ocrx_word' id='word_1_170' title='bbox 1302 1813 1412 1892; x_wconf 88' lang='lat' dir='ltr'>questa</span> <span class='ocrx_word' id='word_1_171' title='bbox 1427 1825 1503 1869; x_wconf 90' lang='lat' dir='ltr'>cosa</span> <span class='ocrx_word' id='word_1_172' title='bbox 1522 1799 1632 1868; x_wconf 86' lang='lat' dir='ltr'>diffesa</span> 
     </span>
     <span class='ocr_line' id='line_1_15' title="bbox 256 1907 1631 1998; baseline 0 -23"><span class='ocrx_word' id='word_1_173' title='bbox 256 1908 535 1997; x_wconf 82' lang='lat' dir='ltr'>gagliardamente,</span> <span class='ocrx_word' id='word_1_174' title='bbox 557 1908 751 1997; x_wconf 91' lang='lat' dir='ltr'>produssero</span> <span class='ocrx_word' id='word_1_175' title='bbox 775 1908 804 1976; x_wconf 90' lang='lat' dir='ltr'>le</span> <span class='ocrx_word' id='word_1_176' title='bbox 827 1908 937 1977; x_wconf 87' lang='lat' dir='ltr'>lettere</span> <span class='ocrx_word' id='word_1_177' title='bbox 961 1907 1011 1976; x_wconf 90' lang='lat' dir='ltr'>del</span> <span class='ocrx_word' id='word_1_178' title='bbox 1034 1909 1090 1977; x_wconf 88' lang='lat' dir='ltr'>Dr.</span> <span class='ocrx_word' id='word_1_179' title='bbox 1108 1908 1271 1998; x_wconf 85' lang='lat' dir='ltr'>Stephano</span> <span class='ocrx_word' id='word_1_180' title='bbox 1295 1921 1327 1976; x_wconf 93' lang='lat' dir='ltr'>et</span> <span class='ocrx_word' id='word_1_181' title='bbox 1349 1908 1476 1976; x_wconf 87' lang='lat' dir='ltr'>volsero</span> <span class='ocrx_word' id='word_1_182' title='bbox 1500 1908 1631 1975; x_wconf 89' lang='lat' dir='ltr'>recitare</span> 
     </span>
     <span class='ocr_line' id='line_1_16' title="bbox 257 2013 1630 2102; baseline 0 -21"><span class='ocrx_word' id='word_1_183' title='bbox 257 2014 286 2082; x_wconf 94' lang='lat' dir='ltr'>le</span> <span class='ocrx_word' id='word_1_184' title='bbox 309 2015 416 2102; x_wconf 90' lang='lat' dir='ltr'>parole</span> <span class='ocrx_word' id='word_1_185' title='bbox 439 2014 630 2097; x_wconf 90' lang='lat' dir='ltr'>medesime,</span> <span class='ocrx_word' id='word_1_186' title='bbox 660 2014 718 2082; x_wconf 86' lang='lat' dir='ltr'>the</span> <span class='ocrx_word' id='word_1_187' title='bbox 746 2014 767 2081; x_wconf 94' lang='lat' dir='ltr'>li</span> <span class='ocrx_word' id='word_1_188' title='bbox 791 2016 910 2083; x_wconf 88' lang='lat' dir='ltr'>oratori</span> <span class='ocrx_word' id='word_1_189' title='bbox 938 2015 1102 2083; x_wconf 88' lang='lat' dir='ltr'>havevano</span> <span class='ocrx_word' id='word_1_190' title='bbox 1126 2015 1201 2084; x_wconf 89' lang='lat' dir='ltr'>lette</span> <span class='ocrx_word' id='word_1_191' title='bbox 1230 2013 1312 2082; x_wconf 90' lang='lat' dir='ltr'>nella</span> <span class='ocrx_word' id='word_1_192' title='bbox 1335 2016 1398 2082; x_wconf 86' lang='lat' dir='ltr'>mia</span> <span class='ocrx_word' id='word_1_193' title='bbox 1425 2014 1549 2097; x_wconf 88' lang='lat' dir='ltr'>lettera,</span> <span class='ocrx_word' id='word_1_194' title='bbox 1578 2037 1630 2081; x_wconf 90' lang='lat' dir='ltr'>ma</span> 
     </span>
     <span class='ocr_line' id='line_1_17' title="bbox 258 2119 1631 2210; baseline -0.001 -22"><span class='ocrx_word' id='word_1_195' title='bbox 258 2144 351 2189; x_wconf 89' lang='lat' dir='ltr'>come</span> <span class='ocrx_word' id='word_1_196' title='bbox 379 2121 422 2188; x_wconf 92' lang='lat' dir='ltr'>ho</span> <span class='ocrx_word' id='word_1_197' title='bbox 445 2119 534 2189; x_wconf 91' lang='lat' dir='ltr'>detto</span> <span class='ocrx_word' id='word_1_198' title='bbox 559 2143 656 2188; x_wconf 91' lang='lat' dir='ltr'>erano</span> <span class='ocrx_word' id='word_1_199' title='bbox 685 2122 718 2187; x_wconf 90' lang='lat' dir='ltr'>in</span> <span class='ocrx_word' id='word_1_200' title='bbox 741 2120 883 2210; x_wconf 85' lang='lat' dir='ltr'>lnglese3</span> <span class='ocrx_word' id='word_1_201' title='bbox 916 2123 995 2209; x_wconf 87' lang='lat' dir='ltr'>perb</span> <span class='ocrx_word' id='word_1_202' title='bbox 1018 2123 1044 2188; x_wconf 89' lang='lat' dir='ltr'>si</span> <span class='ocrx_word' id='word_1_203' title='bbox 1073 2120 1196 2205; x_wconf 88' lang='lat' dir='ltr'>diceva,</span> <span class='ocrx_word' id='word_1_204' title='bbox 1226 2121 1284 2190; x_wconf 88' lang='lat' dir='ltr'>che</span> <span class='ocrx_word' id='word_1_205' title='bbox 1312 2143 1380 2188; x_wconf 91' lang='lat' dir='ltr'>non</span> <span class='ocrx_word' id='word_1_206' title='bbox 1403 2122 1434 2188; x_wconf 91' lang='lat' dir='ltr'>vi</span> <span class='ocrx_word' id='word_1_207' title='bbox 1461 2122 1487 2188; x_wconf 93' lang='lat' dir='ltr'>si</span> <span class='ocrx_word' id='word_1_208' title='bbox 1514 2139 1631 2209; x_wconf 89' lang='lat' dir='ltr'>poteva</span> 
     </span>
     <span class='ocr_line' id='line_1_18' title="bbox 258 2225 1632 2315; baseline -0.001 -22"><span class='ocrx_word' id='word_1_209' title='bbox 258 2225 319 2295; x_wconf 91' lang='lat' dir='ltr'>ben</span> <span class='ocrx_word' id='word_1_210' title='bbox 342 2225 477 2294; x_wconf 85' lang='lat' dir='ltr'>fermare</span> <span class='ocrx_word' id='word_1_211' title='bbox 499 2249 603 2315; x_wconf 86' lang='lat' dir='ltr'>sopra,</span> <span class='ocrx_word' id='word_1_212' title='bbox 631 2227 748 2315; x_wconf 73' lang='lat' dir='ltr'>perche</span> <span class='ocrx_word' id='word_1_213' title='bbox 772 2231 790 2295; x_wconf 77' lang='lat' dir='ltr'>e</span> <span class='ocrx_word' id='word_1_214' title='bbox 813 2227 993 2311; x_wconf 88' lang='lat' dir='ltr'>verisimile,</span> <span class='ocrx_word' id='word_1_215' title='bbox 1018 2227 1076 2296; x_wconf 91' lang='lat' dir='ltr'>che</span> <span class='ocrx_word' id='word_1_216' title='bbox 1097 2229 1130 2296; x_wconf 90' lang='lat' dir='ltr'>vi</span> <span class='ocrx_word' id='word_1_217' title='bbox 1153 2227 1238 2296; x_wconf 84' lang='lat' dir='ltr'>fusse</span> <span class='ocrx_word' id='word_1_218' title='bbox 1261 2226 1437 2295; x_wconf 85' lang='lat' dir='ltr'>differentia</span> <span class='ocrx_word' id='word_1_219' title='bbox 1461 2239 1492 2295; x_wconf 91' lang='lat' dir='ltr'>et</span> <span class='ocrx_word' id='word_1_220' title='bbox 1514 2227 1632 2294; x_wconf 78' lang='lat' dir='ltr'>varietl</span> 
     </span>
     <span class='ocr_line' id='line_1_19' title="bbox 258 2332 1630 2424; baseline 0 -25"><span class='ocrx_word' id='word_1_221' title='bbox 258 2332 330 2400; x_wconf 88' lang='lat' dir='ltr'>nell’</span> <span class='ocrx_word' id='word_1_222' title='bbox 354 2334 541 2421; x_wconf 81' lang='lat' dir='ltr'>interpretat</span> <span class='ocrx_word' id='word_1_223' title='bbox 564 2336 644 2400; x_wconf 92' lang='lat' dir='ltr'>costl</span> <span class='ocrx_word' id='word_1_224' title='bbox 667 2332 696 2401; x_wconf 90' lang='lat' dir='ltr'>le</span> <span class='ocrx_word' id='word_1_225' title='bbox 720 2344 829 2401; x_wconf 90' lang='lat' dir='ltr'>nostre</span> <span class='ocrx_word' id='word_1_226' title='bbox 853 2351 885 2402; x_wconf 90' lang='lat' dir='ltr'>et</span> <span class='ocrx_word' id='word_1_227' title='bbox 908 2352 1018 2423; x_wconf 89' lang='lat' dir='ltr'>queste</span> <span class='ocrx_word' id='word_1_228' title='bbox 1042 2335 1110 2424; x_wconf 91' lang='lat' dir='ltr'>qui,</span> <span class='ocrx_word' id='word_1_229' title='bbox 1135 2353 1166 2402; x_wconf 89' lang='lat' dir='ltr'>et</span> <span class='ocrx_word' id='word_1_230' title='bbox 1189 2345 1278 2402; x_wconf 87' lang='lat' dir='ltr'>tanto</span> <span class='ocrx_word' id='word_1_231' title='bbox 1302 2334 1483 2422; x_wconf 86' lang='lat' dir='ltr'>maggiore,</span> <span class='ocrx_word' id='word_1_232' title='bbox 1510 2345 1630 2422; x_wconf 87' lang='lat' dir='ltr'>quanto</span> 
     </span>
     <span class='ocr_line' id='line_1_20' title="bbox 258 2437 1631 2527; baseline -0.001 -21"><span class='ocrx_word' id='word_1_233' title='bbox 258 2439 286 2506; x_wconf 90' lang='lat' dir='ltr'>ci</span> <span class='ocrx_word' id='word_1_234' title='bbox 308 2437 392 2506; x_wconf 86' lang='lat' dir='ltr'>fusse</span> <span class='ocrx_word' id='word_1_235' title='bbox 415 2439 469 2527; x_wconf 80' lang='lat' dir='ltr'>pilt</span> <span class='ocrx_word' id='word_1_236' title='bbox 492 2440 639 2527; x_wconf 88' lang='lat' dir='ltr'>passione</span> <span class='ocrx_word' id='word_1_237' title='bbox 647 2466 657 2523; x_wconf 88' lang='lat'>;</span> <span class='ocrx_word' id='word_1_238' title='bbox 685 2462 762 2527; x_wconf 90' lang='lat' dir='ltr'>pure</span> <span class='ocrx_word' id='word_1_239' title='bbox 786 2438 951 2507; x_wconf 88' lang='lat' dir='ltr'>andarono</span> <span class='ocrx_word' id='word_1_240' title='bbox 974 2458 1064 2508; x_wconf 86' lang='lat' dir='ltr'>tanto</span> <span class='ocrx_word' id='word_1_241' title='bbox 1089 2438 1256 2524; x_wconf 88' lang='lat' dir='ltr'>cercand0‚</span> <span class='ocrx_word' id='word_1_242' title='bbox 1280 2440 1339 2507; x_wconf 89' lang='lat' dir='ltr'>che</span> <span class='ocrx_word' id='word_1_243' title='bbox 1362 2451 1548 2520; x_wconf 87' lang='lat' dir='ltr'>trovarono,</span> <span class='ocrx_word' id='word_1_244' title='bbox 1572 2438 1631 2506; x_wconf 89' lang='lat' dir='ltr'>che</span> 
     </span>
     <span class='ocr_line' id='line_1_21' title="bbox 258 2544 1631 2634; baseline -0.001 -23"><span class='ocrx_word' id='word_1_245' title='bbox 258 2544 339 2612; x_wconf 88' lang='lat' dir='ltr'>nella</span> <span class='ocrx_word' id='word_1_246' title='bbox 362 2546 425 2613; x_wconf 85' lang='lat' dir='ltr'>mia</span> <span class='ocrx_word' id='word_1_247' title='bbox 440 2544 550 2613; x_wconf 88' lang='lat' dir='ltr'>lettera</span> <span class='ocrx_word' id='word_1_248' title='bbox 573 2568 636 2627; x_wconf 84' lang='lat' dir='ltr'>era,</span> <span class='ocrx_word' id='word_1_249' title='bbox 660 2545 719 2613; x_wconf 92' lang='lat' dir='ltr'>che</span> <span class='ocrx_word' id='word_1_250' title='bbox 734 2547 790 2613; x_wconf 89' lang='lat' dir='ltr'>noi</span> <span class='ocrx_word' id='word_1_251' title='bbox 813 2569 881 2613; x_wconf 89' lang='lat' dir='ltr'>non</span> <span class='ocrx_word' id='word_1_252' title='bbox 897 2546 1073 2614; x_wconf 86' lang='lat' dir='ltr'>havevamo</span> <span class='ocrx_word' id='word_1_253' title='bbox 1089 2565 1215 2634; x_wconf 85' lang='lat' dir='ltr'>passato</span> <span class='ocrx_word' id='word_1_254' title='bbox 1238 2546 1260 2613; x_wconf 93' lang='lat' dir='ltr'>li</span> <span class='ocrx_word' id='word_1_255' title='bbox 1275 2546 1414 2627; x_wconf 88' lang='lat' dir='ltr'>termini,</span> <span class='ocrx_word' id='word_1_256' title='bbox 1438 2557 1470 2613; x_wconf 92' lang='lat' dir='ltr'>et</span> <span class='ocrx_word' id='word_1_257' title='bbox 1484 2568 1502 2612; x_wconf 89' lang='lat' dir='ltr'>a</span> <span class='ocrx_word' id='word_1_258' title='bbox 1517 2555 1631 2634; x_wconf 89' lang='lat' dir='ltr'>questo</span> 
     </span>
     <span class='ocr_line' id='line_1_22' title="bbox 259 2649 1631 2721; baseline 0 -3"><span class='ocrx_word' id='word_1_259' title='bbox 259 2650 341 2718; x_wconf 90' lang='lat' dir='ltr'>disse</span> <span class='ocrx_word' id='word_1_260' title='bbox 364 2651 385 2718; x_wconf 96' lang='lat' dir='ltr'>il</span> <span class='ocrx_word' id='word_1_261' title='bbox 407 2652 475 2718; x_wconf 92' lang='lat' dir='ltr'>mio</span> <span class='ocrx_word' id='word_1_262' title='bbox 499 2653 683 2719; x_wconf 88' lang='lat' dir='ltr'>secretario:</span> <span class='ocrx_word' id='word_1_263' title='bbox 707 2651 733 2719; x_wconf 92' lang='lat' dir='ltr'>Il</span> <span class='ocrx_word' id='word_1_264' title='bbox 756 2675 823 2719; x_wconf 89' lang='lat' dir='ltr'>non</span> <span class='ocrx_word' id='word_1_265' title='bbox 840 2649 993 2720; x_wconf 85' lang='lat' dir='ltr'>excedere</span> <span class='ocrx_word' id='word_1_266' title='bbox 1016 2652 1038 2720; x_wconf 94' lang='lat' dir='ltr'>li</span> <span class='ocrx_word' id='word_1_267' title='bbox 1059 2653 1186 2721; x_wconf 90' lang='lat' dir='ltr'>termini</span> <span class='ocrx_word' id='word_1_268' title='bbox 1210 2676 1277 2719; x_wconf 93' lang='grc' dir='ltr'>ηοη</span> <span class='ocrx_word' id='word_1_269' title='bbox 1293 2651 1365 2719; x_wconf 94' lang='lat' dir='ltr'>solo</span> <span class='ocrx_word' id='word_1_270' title='bbox 1388 2675 1456 2718; x_wconf 93' lang='lat' dir='ltr'>non</span> <span class='ocrx_word' id='word_1_271' title='bbox 1473 2654 1491 2718; x_wconf 74' lang='lat' dir='ltr'>e</span> <span class='ocrx_word' id='word_1_272' title='bbox 1510 2651 1631 2718; x_wconf 87' lang='lat' dir='ltr'>crimen</span> 
     </span>
     <span class='ocr_line' id='line_1_23' title="bbox 258 2754 1629 2845; baseline -0.001 -21"><span class='ocrx_word' id='word_1_273' title='bbox 258 2755 358 2825; x_wconf 86' lang='lat' dir='ltr'>laesae</span> <span class='ocrx_word' id='word_1_274' title='bbox 381 2759 562 2840; x_wconf 88' lang='lat' dir='ltr'>maiestatis,</span> <span class='ocrx_word' id='word_1_275' title='bbox 585 2780 639 2825; x_wconf 93' lang='lat' dir='ltr'>ma</span> <span class='ocrx_word' id='word_1_276' title='bbox 662 2761 679 2825; x_wconf 76' lang='grc' dir='ltr'>ὲ</span> <span class='ocrx_word' id='word_1_277' title='bbox 703 2756 811 2826; x_wconf 89' lang='lat' dir='ltr'>officio</span> <span class='ocrx_word' id='word_1_278' title='bbox 835 2776 867 2827; x_wconf 89' lang='lat' dir='ltr'>et</span> <span class='ocrx_word' id='word_1_279' title='bbox 889 2757 997 2826; x_wconf 91' lang='lat' dir='ltr'>debito</span> <span class='ocrx_word' id='word_1_280' title='bbox 1021 2757 1053 2827; x_wconf 96' lang='lat' dir='ltr'>di</span> <span class='ocrx_word' id='word_1_281' title='bbox 1075 2757 1126 2826; x_wconf 90' lang='lat' dir='ltr'>chi</span> <span class='ocrx_word' id='word_1_282' title='bbox 1149 2756 1244 2825; x_wconf 91' lang='lat' dir='ltr'>vuole</span> <span class='ocrx_word' id='word_1_283' title='bbox 1267 2758 1397 2844; x_wconf 83' lang='lat' dir='ltr'>exeguir</span> <span class='ocrx_word' id='word_1_284' title='bbox 1419 2755 1500 2825; x_wconf 88' lang='lat' dir='ltr'>bene</span> <span class='ocrx_word' id='word_1_285' title='bbox 1524 2754 1629 2845; x_wconf 90' lang='lat' dir='ltr'>quello</span> 
     </span>
     <span class='ocr_line' id='line_1_24' title="bbox 259 2860 1630 2952; baseline -0.001 -22"><span class='ocrx_word' id='word_1_286' title='bbox 259 2862 317 2930; x_wconf 89' lang='lat' dir='ltr'>che</span> <span class='ocrx_word' id='word_1_287' title='bbox 343 2863 387 2952; x_wconf 85' lang='lat' dir='ltr'>gli</span> <span class='ocrx_word' id='word_1_288' title='bbox 417 2867 434 2931; x_wconf 72' lang='grc' dir='ltr'><strong>ὲ</strong></span> <span class='ocrx_word' id='word_1_289' title='bbox 462 2887 657 2932; x_wconf 89' lang='lat' dir='ltr'>commesso.</span> <span class='ocrx_word' id='word_1_290' title='bbox 703 2866 732 2930; x_wconf 90' lang='lat' dir='ltr'>A</span> <span class='ocrx_word' id='word_1_291' title='bbox 763 2864 822 2932; x_wconf 89' lang='lat' dir='ltr'>che</span> <span class='ocrx_word' id='word_1_292' title='bbox 850 2863 970 2933; x_wconf 88' lang='lat' dir='ltr'>dissero</span> <span class='ocrx_word' id='word_1_293' title='bbox 999 2864 1058 2933; x_wconf 89' lang='lat' dir='ltr'>che</span> <span class='ocrx_word' id='word_1_294' title='bbox 1085 2863 1265 2932; x_wconf 85' lang='lat' dir='ltr'>facilmente</span> <span class='ocrx_word' id='word_1_295' title='bbox 1294 2860 1483 2945; x_wconf 87' lang='lat' dir='ltr'>credevan0,</span> <span class='ocrx_word' id='word_1_296' title='bbox 1511 2862 1570 2930; x_wconf 88' lang='lat' dir='ltr'>che</span> <span class='ocrx_word' id='word_1_297' title='bbox 1598 2862 1630 2928; x_wconf 95' lang='lat' dir='ltr'>in</span> 
     </span>
     <span class='ocr_line' id='line_1_25' title="bbox 258 2967 1630 3051; baseline -0.001 -15"><span class='ocrx_word' id='word_1_298' title='bbox 258 2992 310 3035; x_wconf 90' lang='lat' dir='ltr'>me</span> <span class='ocrx_word' id='word_1_299' title='bbox 333 2967 418 3037; x_wconf 88' lang='lat' dir='ltr'>fusse</span> <span class='ocrx_word' id='word_1_300' title='bbox 440 2969 528 3037; x_wconf 92' lang='lat' dir='ltr'>buon</span> <span class='ocrx_word' id='word_1_301' title='bbox 550 2971 659 3037; x_wconf 87' lang='lat' dir='ltr'>animo</span> <span class='ocrx_word' id='word_1_302' title='bbox 684 2990 715 3037; x_wconf 90' lang='lat' dir='ltr'>et</span> <span class='ocrx_word' id='word_1_303' title='bbox 739 2970 798 3038; x_wconf 89' lang='lat' dir='ltr'>che</span> <span class='ocrx_word' id='word_1_304' title='bbox 821 2972 853 3038; x_wconf 92' lang='lat' dir='ltr'>io</span> <span class='ocrx_word' id='word_1_305' title='bbox 877 2970 953 3038; x_wconf 77' lang='lat' dir='ltr'>iussi</span> <span class='ocrx_word' id='word_1_306' title='bbox 976 2969 1064 3038; x_wconf 89' lang='lat' dir='ltr'>buon</span> <span class='ocrx_word' id='word_1_307' title='bbox 1087 2972 1191 3039; x_wconf 91' lang='lat' dir='ltr'>amico</span> <span class='ocrx_word' id='word_1_308' title='bbox 1215 2993 1232 3037; x_wconf 87' lang='lat' dir='ltr'>a</span> <span class='ocrx_word' id='word_1_309' title='bbox 1256 2970 1287 3037; x_wconf 90' lang='lat' dir='ltr'>S.</span> <span class='ocrx_word' id='word_1_310' title='bbox 1307 2970 1364 3051; x_wconf 80' lang='lat' dir='ltr'>M,</span> <span class='ocrx_word' id='word_1_311' title='bbox 1388 2973 1429 3036; x_wconf 76' lang='lat' dir='ltr'>nb</span> <span class='ocrx_word' id='word_1_312' title='bbox 1452 2967 1630 3036; x_wconf 89' lang='lat' dir='ltr'>credevano</span> 
     </span>
     <span class='ocr_line' id='line_1_26' title="bbox 259 3072 1630 3166; baseline -0.001 -24"><span class='ocrx_word' id='word_1_313' title='bbox 259 3074 317 3142; x_wconf 89' lang='lat' dir='ltr'>che</span> <span class='ocrx_word' id='word_1_314' title='bbox 340 3076 372 3142; x_wconf 94' lang='lat' dir='ltr'>io</span> <span class='ocrx_word' id='word_1_315' title='bbox 389 3076 513 3143; x_wconf 89' lang='lat' dir='ltr'>havessi</span> <span class='ocrx_word' id='word_1_316' title='bbox 536 3078 654 3166; x_wconf 88' lang='lat' dir='ltr'>scripto</span> <span class='ocrx_word' id='word_1_317' title='bbox 678 3076 780 3166; x_wconf 90' lang='lat' dir='ltr'>quelle</span> <span class='ocrx_word' id='word_1_318' title='bbox 804 3076 912 3164; x_wconf 89' lang='lat' dir='ltr'>parole</span> <span class='ocrx_word' id='word_1_319' title='bbox 928 3100 949 3144; x_wconf 93' lang='grc' dir='ltr'><strong>ο</strong></span> <span class='ocrx_word' id='word_1_320' title='bbox 966 3076 1025 3145; x_wconf 87' lang='lat' dir='ltr'>che</span> <span class='ocrx_word' id='word_1_321' title='bbox 1048 3076 1077 3145; x_wconf 92' lang='lat' dir='ltr'>le</span> <span class='ocrx_word' id='word_1_322' title='bbox 1101 3077 1224 3145; x_wconf 86' lang='lat' dir='ltr'>havessi</span> <span class='ocrx_word' id='word_1_323' title='bbox 1247 3077 1365 3164; x_wconf 87' lang='lat' dir='ltr'>scripto</span> <span class='ocrx_word' id='word_1_324' title='bbox 1381 3099 1399 3142; x_wconf 89' lang='lat' dir='ltr'>a</span> <span class='ocrx_word' id='word_1_325' title='bbox 1415 3074 1543 3163; x_wconf 87' lang='lat' dir='ltr'>miglior</span> <span class='ocrx_word' id='word_1_326' title='bbox 1565 3072 1630 3141; x_wconf 87' lang='lat' dir='ltr'>fine</span> 
     </span>
     <span class='ocr_line' id='line_1_27' title="bbox 259 3181 1631 3273; baseline -0.001 -25"><span class='ocrx_word' id='word_1_327' title='bbox 259 3200 290 3248; x_wconf 90' lang='lat' dir='ltr'>et</span> <span class='ocrx_word' id='word_1_328' title='bbox 312 3182 501 3264; x_wconf 89' lang='lat' dir='ltr'>intentione,</span> <span class='ocrx_word' id='word_1_329' title='bbox 526 3183 583 3250; x_wconf 88' lang='lat' dir='ltr'>che</span> <span class='ocrx_word' id='word_1_330' title='bbox 608 3206 675 3250; x_wconf 92' lang='lat' dir='ltr'>non</span> <span class='ocrx_word' id='word_1_331' title='bbox 699 3206 795 3250; x_wconf 90' lang='lat' dir='ltr'>erano</span> <span class='ocrx_word' id='word_1_332' title='bbox 819 3184 1039 3273; x_wconf 88' lang='lat' dir='ltr'>interpretate;</span> <span class='ocrx_word' id='word_1_333' title='bbox 1073 3201 1106 3251; x_wconf 91' lang='lat' dir='ltr'>et</span> <span class='ocrx_word' id='word_1_334' title='bbox 1129 3181 1202 3265; x_wconf 87' lang='lat' dir='ltr'>che,</span> <span class='ocrx_word' id='word_1_335' title='bbox 1226 3205 1261 3250; x_wconf 91' lang='lat' dir='ltr'>se</span> <span class='ocrx_word' id='word_1_336' title='bbox 1283 3182 1305 3249; x_wconf 92' lang='lat' dir='ltr'>li</span> <span class='ocrx_word' id='word_1_337' title='bbox 1327 3182 1399 3250; x_wconf 88' lang='lat' dir='ltr'>suoi</span> <span class='ocrx_word' id='word_1_338' title='bbox 1422 3181 1539 3248; x_wconf 91' lang='lat' dir='ltr'>oratori</span> <span class='ocrx_word' id='word_1_339' title='bbox 1563 3203 1631 3246; x_wconf 91' lang='grc' dir='ltr'>ηοη</span> 
     </span>
     <span class='ocr_line' id='line_1_28' title="bbox 258 3285 1629 3379; baseline -0.001 -26"><span class='ocrx_word' id='word_1_340' title='bbox 258 3288 284 3353; x_wconf 89' lang='lat' dir='ltr'>si</span> <span class='ocrx_word' id='word_1_341' title='bbox 306 3286 428 3355; x_wconf 78' lang='lat' dir='ltr'>iussero</span> <span class='ocrx_word' id='word_1_342' title='bbox 445 3290 583 3377; x_wconf 89' lang='lat' dir='ltr'>opposti,</span> <span class='ocrx_word' id='word_1_343' title='bbox 606 3291 658 3377; x_wconf 80' lang='lat' dir='ltr'>gia</span> <span class='ocrx_word' id='word_1_344' title='bbox 681 3288 804 3357; x_wconf 88' lang='lat' dir='ltr'>hareste</span> <span class='ocrx_word' id='word_1_345' title='bbox 828 3301 979 3357; x_wconf 87' lang='lat' dir='ltr'>avvocata</span> <span class='ocrx_word' id='word_1_346' title='bbox 1002 3288 1033 3358; x_wconf 92' lang='lat' dir='ltr'>di</span> <span class='ocrx_word' id='word_1_347' title='bbox 1054 3291 1107 3379; x_wconf 90' lang='lat' dir='ltr'>qui</span> <span class='ocrx_word' id='word_1_348' title='bbox 1130 3288 1159 3355; x_wconf 91' lang='lat' dir='ltr'>la</span> <span class='ocrx_word' id='word_1_349' title='bbox 1177 3310 1269 3356; x_wconf 89' lang='lat' dir='ltr'>causa</span> <span class='ocrx_word' id='word_1_350' title='bbox 1293 3300 1325 3356; x_wconf 90' lang='lat' dir='ltr'>et</span> <span class='ocrx_word' id='word_1_351' title='bbox 1346 3285 1467 3356; x_wconf 83' lang='lat' dir='ltr'>faltone</span> <span class='ocrx_word' id='word_1_352' title='bbox 1490 3286 1518 3353; x_wconf 86' lang='lat' dir='ltr'>al</span> <span class='ocrx_word' id='word_1_353' title='bbox 1534 3288 1629 3354; x_wconf 87' lang='lat' dir='ltr'>Rmo.</span> 
     </span>
     <span class='ocr_line' id='line_1_29' title="bbox 259 3392 1346 3483; baseline 0.001 -23"><span class='ocrx_word' id='word_1_354' title='bbox 259 3392 456 3462; x_wconf 86' lang='lat' dir='ltr'>Eboracense</span> <span class='ocrx_word' id='word_1_355' title='bbox 480 3414 510 3462; x_wconf 92' lang='lat' dir='ltr'>et</span> <span class='ocrx_word' id='word_1_356' title='bbox 534 3418 551 3461; x_wconf 93' lang='lat' dir='ltr'>a</span> <span class='ocrx_word' id='word_1_357' title='bbox 573 3418 627 3463; x_wconf 88' lang='lat' dir='ltr'>me</span> <span class='ocrx_word' id='word_1_358' title='bbox 649 3407 739 3463; x_wconf 87' lang='lat' dir='ltr'>tanto</span> <span class='ocrx_word' id='word_1_359' title='bbox 764 3396 878 3478; x_wconf 89' lang='lat' dir='ltr'>carico,</span> <span class='ocrx_word' id='word_1_360' title='bbox 902 3408 933 3463; x_wconf 91' lang='lat' dir='ltr'>et</span> <span class='ocrx_word' id='word_1_361' title='bbox 956 3407 1046 3463; x_wconf 91' lang='lat' dir='ltr'>tanto</span> <span class='ocrx_word' id='word_1_362' title='bbox 1070 3394 1227 3483; x_wconf 85' lang='lat' dir='ltr'>oltraggio</span> <span class='ocrx_word' id='word_1_363' title='bbox 1251 3393 1280 3461; x_wconf 87' lang='lat' dir='ltr'>al</span> <span class='ocrx_word' id='word_1_364' title='bbox 1302 3416 1346 3461; x_wconf 90' lang='lat' dir='ltr'>re.</span> 
     </span>
    </p>

    <p class='ocr_par' dir='ltr' id='par_1_3' title="bbox 258 3496 1714 5076">
     <span class='ocr_line' id='line_1_30' title="bbox 362 3496 1631 3590; baseline -0.004 -22"><span class='ocrx_word' id='word_1_365' title='bbox 362 3498 402 3568; x_wconf 88' lang='lat' dir='ltr'>Et</span> <span class='ocrx_word' id='word_1_366' title='bbox 424 3502 477 3590; x_wconf 90' lang='lat' dir='ltr'>qui</span> <span class='ocrx_word' id='word_1_367' title='bbox 500 3500 521 3567; x_wconf 90' lang='lat' dir='ltr'>il</span> <span class='ocrx_word' id='word_1_368' title='bbox 544 3500 699 3568; x_wconf 85' lang='lat' dir='ltr'>cardinale</span> <span class='ocrx_word' id='word_1_369' title='bbox 722 3503 748 3568; x_wconf 93' lang='lat' dir='ltr'>si</span> <span class='ocrx_word' id='word_1_370' title='bbox 765 3501 880 3569; x_wconf 90' lang='lat' dir='ltr'>distese</span> <span class='ocrx_word' id='word_1_371' title='bbox 903 3512 1004 3584; x_wconf 92' lang='lat' dir='ltr'>tanto,</span> <span class='ocrx_word' id='word_1_372' title='bbox 1028 3500 1086 3568; x_wconf 90' lang='lat' dir='ltr'>che</span> <span class='ocrx_word' id='word_1_373' title='bbox 1110 3523 1177 3568; x_wconf 92' lang='lat' dir='ltr'>non</span> <span class='ocrx_word' id='word_1_374' title='bbox 1201 3501 1227 3567; x_wconf 91' lang='lat' dir='ltr'>si</span> <span class='ocrx_word' id='word_1_375' title='bbox 1242 3497 1395 3588; x_wconf 86' lang='lat' dir='ltr'>potrebbe</span> <span class='ocrx_word' id='word_1_376' title='bbox 1419 3496 1497 3580; x_wconf 89' lang='lat' dir='ltr'>dire,</span> <span class='ocrx_word' id='word_1_377' title='bbox 1521 3496 1631 3564; x_wconf 91' lang='lat' dir='ltr'>dolen-</span> 
     </span>
     <span class='ocr_line' id='line_1_31' title="bbox 259 3604 1630 3696; baseline -0.001 -24"><span class='ocrx_word' id='word_1_378' title='bbox 259 3604 329 3673; x_wconf 91' lang='lat' dir='ltr'>dosi</span> <span class='ocrx_word' id='word_1_379' title='bbox 352 3607 384 3672; x_wconf 92' lang='lat' dir='ltr'>di</span> <span class='ocrx_word' id='word_1_380' title='bbox 406 3605 467 3672; x_wconf 87' lang='lat' dir='ltr'>Sua</span> <span class='ocrx_word' id='word_1_381' title='bbox 491 3606 620 3689; x_wconf 81' lang='lat' dir='ltr'>Santitl,</span> <span class='ocrx_word' id='word_1_382' title='bbox 645 3606 704 3674; x_wconf 90' lang='lat' dir='ltr'>che</span> <span class='ocrx_word' id='word_1_383' title='bbox 727 3627 853 3675; x_wconf 83' lang='lat' dir='ltr'>tetresse</span> <span class='ocrx_word' id='word_1_384' title='bbox 876 3630 961 3696; x_wconf 88' lang='lat' dir='ltr'>poco</span> <span class='ocrx_word' id='word_1_385' title='bbox 985 3626 1083 3674; x_wconf 89' lang='lat' dir='ltr'>conto</span> <span class='ocrx_word' id='word_1_386' title='bbox 1108 3605 1159 3674; x_wconf 94' lang='lat' dir='ltr'>del</span> <span class='ocrx_word' id='word_1_387' title='bbox 1181 3628 1231 3688; x_wconf 92' lang='lat' dir='ltr'>re,</span> <span class='ocrx_word' id='word_1_388' title='bbox 1260 3605 1309 3673; x_wconf 93' lang='lat' dir='ltr'>del</span> <span class='ocrx_word' id='word_1_389' title='bbox 1333 3626 1435 3693; x_wconf 87' lang='lat' dir='ltr'>regno</span> <span class='ocrx_word' id='word_1_390' title='bbox 1460 3622 1491 3671; x_wconf 89' lang='lat' dir='ltr'>et</span> <span class='ocrx_word' id='word_1_391' title='bbox 1514 3625 1630 3671; x_wconf 90' lang='lat' dir='ltr'>manco</span> 
     </span>
     <span class='ocr_line' id='line_1_32' title="bbox 259 3708 1632 3802; baseline 0 -24"><span class='ocrx_word' id='word_1_392' title='bbox 259 3710 355 3780; x_wconf 90' lang='lat' dir='ltr'>dilui</span> <span class='ocrx_word' id='word_1_393' title='bbox 379 3724 411 3780; x_wconf 92' lang='lat' dir='ltr'>et</span> <span class='ocrx_word' id='word_1_394' title='bbox 434 3710 514 3780; x_wconf 90' lang='lat' dir='ltr'>della</span> <span class='ocrx_word' id='word_1_395' title='bbox 535 3714 599 3781; x_wconf 88' lang='lat' dir='ltr'>vita</span> <span class='ocrx_word' id='word_1_396' title='bbox 622 3736 676 3780; x_wconf 91' lang='lat' dir='ltr'>sua</span> <span class='ocrx_word' id='word_1_397' title='bbox 684 3740 694 3797; x_wconf 93' lang='lat'>;</span> <span class='ocrx_word' id='word_1_398' title='bbox 726 3736 779 3780; x_wconf 90' lang='lat' dir='ltr'>ma</span> <span class='ocrx_word' id='word_1_399' title='bbox 802 3715 860 3781; x_wconf 87' lang='lat' dir='ltr'>che</span> <span class='ocrx_word' id='word_1_400' title='bbox 884 3736 1047 3802; x_wconf 87' lang='lat' dir='ltr'>nunquam</span> <span class='ocrx_word' id='word_1_401' title='bbox 1071 3710 1195 3780; x_wconf 88' lang='lat' dir='ltr'>deseret</span> <span class='ocrx_word' id='word_1_402' title='bbox 1219 3735 1344 3779; x_wconf 88' lang='lat' dir='ltr'>causam</span> <span class='ocrx_word' id='word_1_403' title='bbox 1368 3712 1461 3778; x_wconf 87' lang='lat' dir='ltr'>istam</span> <span class='ocrx_word' id='word_1_404' title='bbox 1485 3728 1516 3777; x_wconf 88' lang='lat' dir='ltr'>et</span> <span class='ocrx_word' id='word_1_405' title='bbox 1538 3708 1632 3778; x_wconf 87' lang='lat' dir='ltr'>faciet</span> 
     </span>
     <span class='ocr_line' id='line_1_33' title="bbox 259 3814 1632 3908; baseline -0.001 -23"><span class='ocrx_word' id='word_1_406' title='bbox 259 3829 291 3885; x_wconf 92' lang='lat' dir='ltr'>et</span> <span class='ocrx_word' id='word_1_407' title='bbox 322 3816 404 3886; x_wconf 88' lang='lat' dir='ltr'>dicet</span> <span class='ocrx_word' id='word_1_408' title='bbox 437 3841 510 3886; x_wconf 90' lang='lat' dir='ltr'>cum</span> <span class='ocrx_word' id='word_1_409' title='bbox 544 3818 736 3908; x_wconf 87' lang='lat' dir='ltr'>principibus</span> <span class='ocrx_word' id='word_1_410' title='bbox 768 3819 889 3908; x_wconf 90' lang='lat' dir='ltr'>quello,</span> <span class='ocrx_word' id='word_1_411' title='bbox 925 3818 983 3887; x_wconf 88' lang='lat' dir='ltr'>che</span> <span class='ocrx_word' id='word_1_412' title='bbox 1018 3820 1072 3907; x_wconf 94' lang='lat' dir='ltr'>poi</span> <span class='ocrx_word' id='word_1_413' title='bbox 1107 3820 1161 3906; x_wconf 83' lang='lat' dir='ltr'>piir</span> <span class='ocrx_word' id='word_1_414' title='bbox 1196 3815 1479 3885; x_wconf 85' lang='lat' dir='ltr'>commodamente</span> <span class='ocrx_word' id='word_1_415' title='bbox 1512 3814 1632 3883; x_wconf 77' lang='lat' dir='ltr'>riserirl</span> 
     </span>
     <span class='ocr_line' id='line_1_34' title="bbox 258 3920 1631 4014; baseline 0 -24"><span class='ocrx_word' id='word_1_416' title='bbox 258 3947 302 3990; x_wconf 93' lang='lat' dir='ltr'>m.</span> <span class='ocrx_word' id='word_1_417' title='bbox 326 3923 502 3992; x_wconf 87' lang='lat' dir='ltr'>Francesco</span> <span class='ocrx_word' id='word_1_418' title='bbox 526 3948 544 3991; x_wconf 89' lang='lat' dir='ltr'>a</span> <span class='ocrx_word' id='word_1_419' title='bbox 566 3923 674 3993; x_wconf 89' lang='lat' dir='ltr'>bocca.</span> <span class='ocrx_word' id='word_1_420' title='bbox 721 3926 760 3993; x_wconf 88' lang='lat' dir='ltr'>Et</span> <span class='ocrx_word' id='word_1_421' title='bbox 786 3925 903 4014; x_wconf 71' lang='lat' dir='ltr'>perche</span> <span class='ocrx_word' id='word_1_422' title='bbox 930 3926 952 3991; x_wconf 93' lang='lat' dir='ltr'>il</span> <span class='ocrx_word' id='word_1_423' title='bbox 980 3924 1135 3993; x_wconf 87' lang='lat' dir='ltr'>cardinale</span> <span class='ocrx_word' id='word_1_424' title='bbox 1164 3922 1262 3991; x_wconf 88' lang='lat' dir='ltr'>multa</span> <span class='ocrx_word' id='word_1_425' title='bbox 1290 3921 1438 4011; x_wconf 87' lang='lat' dir='ltr'>egerebat</span> <span class='ocrx_word' id='word_1_426' title='bbox 1466 3923 1500 3989; x_wconf 91' lang='lat' dir='ltr'>in</span> <span class='ocrx_word' id='word_1_427' title='bbox 1522 3920 1631 3990; x_wconf 86' lang='lat' dir='ltr'>volere</span> 
     </span>
     <span class='ocr_line' id='line_1_35' title="bbox 258 4027 1632 4119; baseline 0 -23"><span class='ocrx_word' id='word_1_428' title='bbox 258 4052 412 4097; x_wconf 89' lang='lat' dir='ltr'>muovere</span> <span class='ocrx_word' id='word_1_429' title='bbox 435 4029 562 4114; x_wconf 88' lang='lat' dir='ltr'>invidia,</span> <span class='ocrx_word' id='word_1_430' title='bbox 586 4029 669 4099; x_wconf 89' lang='lat' dir='ltr'>dove</span> <span class='ocrx_word' id='word_1_431' title='bbox 685 4030 796 4098; x_wconf 90' lang='lat' dir='ltr'>debbia</span> <span class='ocrx_word' id='word_1_432' title='bbox 818 4050 969 4119; x_wconf 88' lang='lat' dir='ltr'>perpetua</span> <span class='ocrx_word' id='word_1_433' title='bbox 985 4029 1186 4098; x_wconf 88' lang='lat' dir='ltr'>obhedientia</span> <span class='ocrx_word' id='word_1_434' title='bbox 1209 4042 1241 4098; x_wconf 90' lang='lat' dir='ltr'>et</span> <span class='ocrx_word' id='word_1_435' title='bbox 1255 4031 1383 4113; x_wconf 79' lang='lat' dir='ltr'>servitii,</span> <span class='ocrx_word' id='word_1_436' title='bbox 1406 4027 1428 4096; x_wconf 91' lang='lat' dir='ltr'>il</span> <span class='ocrx_word' id='word_1_437' title='bbox 1447 4030 1513 4096; x_wconf 90' lang='lat' dir='ltr'>mio</span> <span class='ocrx_word' id='word_1_438' title='bbox 1529 4051 1632 4096; x_wconf 90' lang='lat' dir='ltr'>secre-</span> 
     </span>
     <span class='ocr_line' id='line_1_36' title="bbox 258 4134 1631 4227; baseline -0.001 -25"><span class='ocrx_word' id='word_1_439' title='bbox 258 4137 337 4203; x_wconf 90' lang='lat' dir='ltr'>tario</span> <span class='ocrx_word' id='word_1_440' title='bbox 353 4134 537 4204; x_wconf 86' lang='lat' dir='ltr'>finalmente</span> <span class='ocrx_word' id='word_1_441' title='bbox 553 4160 570 4203; x_wconf 86' lang='lat' dir='ltr'>a</span> <span class='ocrx_word' id='word_1_442' title='bbox 585 4149 671 4205; x_wconf 91' lang='lat' dir='ltr'>tante</span> <span class='ocrx_word' id='word_1_443' title='bbox 688 4137 814 4227; x_wconf 89' lang='lat' dir='ltr'>querele</span> <span class='ocrx_word' id='word_1_444' title='bbox 830 4156 862 4205; x_wconf 92' lang='lat' dir='ltr'>et</span> <span class='ocrx_word' id='word_1_445' title='bbox 878 4137 1031 4204; x_wconf 89' lang='lat' dir='ltr'>minaccie</span> <span class='ocrx_word' id='word_1_446' title='bbox 1047 4137 1169 4225; x_wconf 92' lang='lat' dir='ltr'>rispose</span> <span class='ocrx_word' id='word_1_447' title='bbox 1186 4140 1267 4205; x_wconf 88' lang='lat' dir='ltr'>cosl:</span> <span class='ocrx_word' id='word_1_448' title='bbox 1291 4136 1412 4204; x_wconf 87' lang='lat' dir='ltr'>Serme.</span> <span class='ocrx_word' id='word_1_449' title='bbox 1429 4159 1485 4203; x_wconf 85' lang='lat' dir='ltr'>rex</span> <span class='ocrx_word' id='word_1_450' title='bbox 1501 4147 1533 4203; x_wconf 91' lang='lat' dir='ltr'>et</span> <span class='ocrx_word' id='word_1_451' title='bbox 1547 4135 1631 4202; x_wconf 91' lang='lat' dir='ltr'>Dne.</span> 
     </span>
     <span class='ocr_line' id='line_1_37' title="bbox 259 4240 1631 4332; baseline -0.003 -21"><span class='ocrx_word' id='word_1_452' title='bbox 259 4243 361 4326; x_wconf 91' lang='lat' dir='ltr'>Rme.‚</span> <span class='ocrx_word' id='word_1_453' title='bbox 385 4265 444 4309; x_wconf 90' lang='lat' dir='ltr'>vos</span> <span class='ocrx_word' id='word_1_454' title='bbox 467 4240 587 4311; x_wconf 90' lang='lat' dir='ltr'>debetis</span> <span class='ocrx_word' id='word_1_455' title='bbox 610 4242 821 4325; x_wconf 86' lang='lat' dir='ltr'>considerare,</span> <span class='ocrx_word' id='word_1_456' title='bbox 845 4242 931 4332; x_wconf 90' lang='lat' dir='ltr'>quod</span> <span class='ocrx_word' id='word_1_457' title='bbox 954 4243 1056 4311; x_wconf 90' lang='lat' dir='ltr'>Dnus.</span> <span class='ocrx_word' id='word_1_458' title='bbox 1080 4266 1171 4310; x_wconf 91' lang='lat' dir='ltr'>meus</span> <span class='ocrx_word' id='word_1_459' title='bbox 1187 4244 1298 4312; x_wconf 89' lang='lat' dir='ltr'>Rmus.</span> <span class='ocrx_word' id='word_1_460' title='bbox 1323 4242 1374 4310; x_wconf 91' lang='lat' dir='ltr'>hic</span> <span class='ocrx_word' id='word_1_461' title='bbox 1398 4253 1446 4309; x_wconf 90' lang='lat' dir='ltr'>est</span> <span class='ocrx_word' id='word_1_462' title='bbox 1467 4240 1550 4329; x_wconf 91' lang='lat' dir='ltr'>apud</span> <span class='ocrx_word' id='word_1_463' title='bbox 1573 4263 1631 4308; x_wconf 90' lang='lat' dir='ltr'>vos</span> 
     </span>
     <span class='ocr_line' id='line_1_38' title="bbox 258 4347 1632 4438; baseline 0 -23"><span class='ocrx_word' id='word_1_464' title='bbox 258 4348 463 4437; x_wconf 84' lang='lat' dir='ltr'>Apostolicae</span> <span class='ocrx_word' id='word_1_465' title='bbox 479 4348 569 4417; x_wconf 85' lang='lat' dir='ltr'>Sedis</span> <span class='ocrx_word' id='word_1_466' title='bbox 592 4349 723 4438; x_wconf 86' lang='lat' dir='ltr'>legatus,</span> <span class='ocrx_word' id='word_1_467' title='bbox 747 4349 920 4434; x_wconf 88' lang='lat' dir='ltr'>cardinalis,</span> <span class='ocrx_word' id='word_1_468' title='bbox 944 4350 1048 4431; x_wconf 82' lang='lat' dir='ltr'>iudex,</span> <span class='ocrx_word' id='word_1_469' title='bbox 1071 4351 1206 4417; x_wconf 87' lang='lat' dir='ltr'>servitor</span> <span class='ocrx_word' id='word_1_470' title='bbox 1223 4367 1254 4417; x_wconf 90' lang='lat' dir='ltr'>et</span> <span class='ocrx_word' id='word_1_471' title='bbox 1270 4350 1389 4416; x_wconf 90' lang='lat' dir='ltr'>amicus</span> <span class='ocrx_word' id='word_1_472' title='bbox 1404 4347 1577 4415; x_wconf 87' lang='lat' dir='ltr'>Maiestatis</span> <span class='ocrx_word' id='word_1_473' title='bbox 1601 4358 1632 4415; x_wconf 90' lang='lat' dir='ltr'>et</span> 
     </span>
     <span class='ocr_line' id='line_1_39' title="bbox 260 4453 1632 4546; baseline -0.002 -23"><span class='ocrx_word' id='word_1_474' title='bbox 260 4454 369 4523; x_wconf 89' lang='lat' dir='ltr'>Rmae.</span> <span class='ocrx_word' id='word_1_475' title='bbox 386 4455 625 4524; x_wconf 85' lang='lat' dir='ltr'>Dominationis</span> <span class='ocrx_word' id='word_1_476' title='bbox 641 4456 785 4539; x_wconf 88' lang='lat' dir='ltr'>Vestrae,</span> <span class='ocrx_word' id='word_1_477' title='bbox 809 4469 841 4524; x_wconf 91' lang='lat' dir='ltr'>et</span> <span class='ocrx_word' id='word_1_478' title='bbox 855 4456 943 4546; x_wconf 90' lang='lat' dir='ltr'>quod</span> <span class='ocrx_word' id='word_1_479' title='bbox 963 4455 1055 4523; x_wconf 90' lang='lat' dir='ltr'>nullis</span> <span class='ocrx_word' id='word_1_480' title='bbox 1070 4455 1174 4524; x_wconf 90' lang='lat' dir='ltr'>verbis</span> <span class='ocrx_word' id='word_1_481' title='bbox 1189 4467 1242 4524; x_wconf 87' lang='lat' dir='ltr'>aut</span> <span class='ocrx_word' id='word_1_482' title='bbox 1256 4454 1430 4523; x_wconf 88' lang='lat' dir='ltr'>rationibus</span> <span class='ocrx_word' id='word_1_483' title='bbox 1445 4454 1562 4542; x_wconf 90' lang='lat' dir='ltr'>poterit</span> <span class='ocrx_word' id='word_1_484' title='bbox 1578 4453 1632 4521; x_wconf 92' lang='lat' dir='ltr'>de-</span> 
     </span>
     <span class='ocr_line' id='line_1_40' title="bbox 259 4559 1631 4651; baseline -0.001 -23"><span class='ocrx_word' id='word_1_485' title='bbox 259 4559 332 4628; x_wconf 89' lang='lat' dir='ltr'>duci</span> <span class='ocrx_word' id='word_1_486' title='bbox 354 4560 392 4629; x_wconf 87' lang='lat' dir='ltr'>ab</span> <span class='ocrx_word' id='word_1_487' title='bbox 409 4559 516 4629; x_wconf 86' lang='lat' dir='ltr'>officio</span> <span class='ocrx_word' id='word_1_488' title='bbox 533 4563 637 4650; x_wconf 85' lang='lat' dir='ltr'>legati,</span> <span class='ocrx_word' id='word_1_489' title='bbox 661 4561 738 4630; x_wconf 92' lang='lat' dir='ltr'>boni</span> <span class='ocrx_word' id='word_1_490' title='bbox 755 4562 927 4645; x_wconf 87' lang='lat' dir='ltr'>cardinalis,</span> <span class='ocrx_word' id='word_1_491' title='bbox 951 4561 1061 4630; x_wconf 87' lang='lat' dir='ltr'>iudicis</span> <span class='ocrx_word' id='word_1_492' title='bbox 1083 4580 1177 4651; x_wconf 87' lang='lat' dir='ltr'>atque</span> <span class='ocrx_word' id='word_1_493' title='bbox 1192 4563 1286 4629; x_wconf 88' lang='lat' dir='ltr'>amici</span> <span class='ocrx_word' id='word_1_494' title='bbox 1302 4573 1334 4629; x_wconf 90' lang='lat' dir='ltr'>et</span> <span class='ocrx_word' id='word_1_495' title='bbox 1348 4561 1509 4628; x_wconf 88' lang='lat' dir='ltr'>servitoris</span> <span class='ocrx_word' id='word_1_496' title='bbox 1524 4561 1631 4642; x_wconf 89' lang='lat' dir='ltr'>vestri,</span> 
     </span>
     <span class='ocr_line' id='line_1_41' title="bbox 259 4667 1632 4758; baseline -0.001 -24"><span class='ocrx_word' id='word_1_497' title='bbox 259 4690 295 4735; x_wconf 86' lang='lat' dir='ltr'>ac</span> <span class='ocrx_word' id='word_1_498' title='bbox 319 4669 351 4734; x_wconf 92' lang='lat' dir='ltr'>in</span> <span class='ocrx_word' id='word_1_499' title='bbox 375 4668 422 4735; x_wconf 90' lang='lat' dir='ltr'>his</span> <span class='ocrx_word' id='word_1_500' title='bbox 446 4668 596 4736; x_wconf 89' lang='lat' dir='ltr'>omnibus</span> <span class='ocrx_word' id='word_1_501' title='bbox 626 4689 658 4737; x_wconf 90' lang='lat' dir='ltr'>er</span> <span class='ocrx_word' id='word_1_502' title='bbox 681 4667 763 4757; x_wconf 88' lang='lat' dir='ltr'>apud</span> <span class='ocrx_word' id='word_1_503' title='bbox 793 4670 898 4758; x_wconf 87' lang='lat' dir='ltr'>ipsum</span> <span class='ocrx_word' id='word_1_504' title='bbox 920 4691 1047 4758; x_wconf 90' lang='lat' dir='ltr'>semper</span> <span class='ocrx_word' id='word_1_505' title='bbox 1069 4670 1196 4757; x_wconf 86' lang='lat' dir='ltr'>potiora</span> <span class='ocrx_word' id='word_1_506' title='bbox 1218 4679 1310 4735; x_wconf 89' lang='lat' dir='ltr'>erunt</span> <span class='ocrx_word' id='word_1_507' title='bbox 1333 4678 1364 4734; x_wconf 91' lang='lat' dir='ltr'>et</span> <span class='ocrx_word' id='word_1_508' title='bbox 1386 4678 1632 4755; x_wconf 88' lang='lat' dir='ltr'>praeponentur,</span> 
     </span>
     <span class='ocr_line' id='line_1_42' title="bbox 259 4770 1631 4863; baseline -0.001 -22"><span class='ocrx_word' id='word_1_509' title='bbox 259 4796 395 4863; x_wconf 87' lang='lat' dir='ltr'>quorum</span> <span class='ocrx_word' id='word_1_510' title='bbox 424 4775 504 4842; x_wconf 89' lang='lat' dir='ltr'>ratio</span> <span class='ocrx_word' id='word_1_511' title='bbox 534 4786 566 4842; x_wconf 88' lang='lat' dir='ltr'>et</span> <span class='ocrx_word' id='word_1_512' title='bbox 589 4798 681 4843; x_wconf 84' lang='lat' dir='ltr'>causa</span> <span class='ocrx_word' id='word_1_513' title='bbox 705 4774 770 4842; x_wconf 90' lang='lat' dir='ltr'>aliis</span> <span class='ocrx_word' id='word_1_514' title='bbox 801 4772 947 4842; x_wconf 79' lang='lat' dir='ltr'>anteferri</span> <span class='ocrx_word' id='word_1_515' title='bbox 977 4772 1094 4842; x_wconf 89' lang='lat' dir='ltr'>decens</span> <span class='ocrx_word' id='word_1_516' title='bbox 1123 4772 1225 4840; x_wconf 81' lang='lat' dir='ltr'>fuerit.</span> <span class='ocrx_word' id='word_1_517' title='bbox 1271 4773 1312 4840; x_wconf 89' lang='lat' dir='ltr'>Se</span> <span class='ocrx_word' id='word_1_518' title='bbox 1336 4770 1398 4839; x_wconf 87' lang='lat' dir='ltr'>Sua</span> <span class='ocrx_word' id='word_1_519' title='bbox 1421 4770 1541 4839; x_wconf 74' lang='lat' dir='ltr'>santio</span> <span class='ocrx_word' id='word_1_520' title='bbox 1563 4795 1631 4840; x_wconf 92' lang='grc' dir='ltr'>ηοη</span> 
     </span>
     <span class='ocr_line' id='line_1_43' title="bbox 260 4877 1714 4969; baseline 0.002 -22"><span class='ocrx_word' id='word_1_521' title='bbox 260 4881 423 4969; x_wconf 87' lang='lat' dir='ltr'>compiace</span> <span class='ocrx_word' id='word_1_522' title='bbox 457 4880 484 4947; x_wconf 92' lang='lat' dir='ltr'>la</span> <span class='ocrx_word' id='word_1_523' title='bbox 514 4880 636 4949; x_wconf 73' lang='lat' dir='ltr'>Maesta</span> <span class='ocrx_word' id='word_1_524' title='bbox 658 4881 790 4963; x_wconf 89' lang='lat' dir='ltr'>Vostra,</span> <span class='ocrx_word' id='word_1_525' title='bbox 823 4904 858 4948; x_wconf 93' lang='lat' dir='ltr'>se</span> <span class='ocrx_word' id='word_1_526' title='bbox 888 4904 929 4948; x_wconf 93' lang='lat' dir='ltr'>ne</span> <span class='ocrx_word' id='word_1_527' title='bbox 961 4902 1066 4961; x_wconf 83' lang='lat' dir='ltr'>seusa,</span> <span class='ocrx_word' id='word_1_528' title='bbox 1099 4878 1215 4968; x_wconf 75' lang='lat' dir='ltr'>perche</span> <span class='ocrx_word' id='word_1_529' title='bbox 1248 4901 1316 4945; x_wconf 90' lang='grc' dir='ltr'>ηοη</span> <span class='ocrx_word' id='word_1_530' title='bbox 1349 4882 1367 4946; x_wconf 80' lang='grc' dir='ltr'>ὲ</span> <span class='ocrx_word' id='word_1_531' title='bbox 1397 4877 1428 4946; x_wconf 88' lang='lat' dir='ltr'>di</span> <span class='ocrx_word' id='word_1_532' title='bbox 1460 4879 1577 4947; x_wconf 89' lang='lat' dir='ltr'>iustitia</span> <span class='ocrx_word' id='word_1_533' title='bbox 1600 4891 1632 4947; x_wconf 92' lang='lat' dir='ltr'>et</span> <span class='ocrx_word' id='word_1_534' title='bbox 1713 4946 1714 4950; x_wconf 75' lang='grc'>,</span> 
     </span>
     <span class='ocr_line' id='line_1_44' title="bbox 260 4985 1630 5076; baseline 0 -24"><span class='ocrx_word' id='word_1_535' title='bbox 260 4985 388 5055; x_wconf 89' lang='lat' dir='ltr'>sarebbe</span> <span class='ocrx_word' id='word_1_536' title='bbox 415 4988 448 5054; x_wconf 94' lang='lat' dir='ltr'>in</span> <span class='ocrx_word' id='word_1_537' title='bbox 475 4986 700 5076; x_wconf 88' lang='lat' dir='ltr'>praeiudicium</span> <span class='ocrx_word' id='word_1_538' title='bbox 728 4989 821 5055; x_wconf 88' lang='lat' dir='ltr'>tertii.</span> <span class='ocrx_word' id='word_1_539' title='bbox 868 4987 906 5053; x_wconf 86' lang='lat' dir='ltr'>Et</span> <span class='ocrx_word' id='word_1_540' title='bbox 927 4988 1110 5075; x_wconf 88' lang='lat' dir='ltr'>risposon0‚</span> <span class='ocrx_word' id='word_1_541' title='bbox 1139 4985 1197 5053; x_wconf 89' lang='lat' dir='ltr'>che</span> <span class='ocrx_word' id='word_1_542' title='bbox 1225 5008 1292 5052; x_wconf 91' lang='lat' dir='ltr'>non</span> <span class='ocrx_word' id='word_1_543' title='bbox 1324 4997 1413 5053; x_wconf 89' lang='lat' dir='ltr'>erant</span> <span class='ocrx_word' id='word_1_544' title='bbox 1439 4985 1473 5052; x_wconf 89' lang='lat' dir='ltr'>in</span> <span class='ocrx_word' id='word_1_545' title='bbox 1503 4985 1630 5053; x_wconf 89' lang='lat' dir='ltr'>alicuius</span> 
     </span>
    </p>
   </div>
   <div class='ocr_carea' id='block_1_3' title="bbox 0 0 1926 5592">
    <p class='ocr_par' dir='ltr' id='par_1_4' title="bbox 0 0 1926 5592">
     <span class='ocr_line' id='line_1_45' title="bbox 0 0 1926 5592; baseline 0 0"><span class='ocrx_word' id='word_1_546' title='bbox 0 0 1926 5592; x_wconf 95' lang='lat' dir='ltr'> </span> 
     </span>
    </p>
   </div>
  </div>
 </body>
</html>
