<?xml version="1.0" encoding="UTF-8"?>
<!DOCTYPE html PUBLIC "-//W3C//DTD XHTML 1.0 Transitional//EN"
    "http://www.w3.org/TR/xhtml1/DTD/xhtml1-transitional.dtd">
<html xmlns="http://www.w3.org/1999/xhtml" xml:lang="en" lang="en">
 <head>
  <title>
</title>
<meta http-equiv="Content-Type" content="text/html;charset=utf-8" />
  <meta name='ocr-system' content='tesseract 3.04.00' />
  <meta name='ocr-capabilities' content='ocr_page ocr_carea ocr_par ocr_line ocrx_word'/>
</head>
<body>
  <div class='ocr_page' id='page_1' title='image "./rmischedokument01ehsegoog_0090.png"; bbox 0 0 3842 5592; ppageno 0'>
   <div class='ocr_carea' id='block_1_1' title="bbox 293 276 1665 391">
    <p class='ocr_par' dir='ltr' id='par_1_1' title="bbox 293 276 1665 391">
     <span class='ocr_line' id='line_1_1' title="bbox 293 276 1665 391; baseline 0.005 -24"><span class='ocrx_word' id='word_1_1' title='bbox 293 305 335 368; x_wconf 84' lang='lat'><strong>38</strong></span> <span class='ocrx_word' id='word_1_2' title='bbox 925 276 929 281; x_wconf 76' lang='lat'><strong>·</strong></span> <span class='ocrx_word' id='word_1_3' title='bbox 1493 318 1568 391; x_wconf 84' lang='lat' dir='ltr'><strong>April</strong></span> <span class='ocrx_word' id='word_1_4' title='bbox 1591 320 1665 389; x_wconf 82' lang='lat'><strong>1528.</strong></span> 
     </span>
    </p>
   </div>
   <div class='ocr_carea' id='block_1_2' title="bbox 292 469 1667 4065">
    <p class='ocr_par' dir='ltr' id='par_1_2' title="bbox 292 469 1667 4065">
     <span class='ocr_line' id='line_1_2' title="bbox 293 469 1665 567; baseline 0.001 -21"><span class='ocrx_word' id='word_1_5' title='bbox 293 479 525 547; x_wconf 86' lang='lat' dir='ltr'><strong>Dominatione</strong></span> <span class='ocrx_word' id='word_1_6' title='bbox 536 479 651 547; x_wconf 88' lang='lat' dir='ltr'><strong>Vestra</strong></span> <span class='ocrx_word' id='word_1_7' title='bbox 672 478 712 547; x_wconf 89' lang='lat' dir='ltr'><strong>ad</strong></span> <span class='ocrx_word' id='word_1_8' title='bbox 728 479 969 548; x_wconf 87' lang='lat' dir='ltr'><strong>Sanctissimum</strong></span> <span class='ocrx_word' id='word_1_9' title='bbox 983 480 1025 547; x_wconf 90' lang='lat' dir='ltr'><strong>D.</strong></span> <span class='ocrx_word' id='word_1_10' title='bbox 1041 479 1083 547; x_wconf 91' lang='lat' dir='ltr'><strong>N.</strong></span> <span class='ocrx_word' id='word_1_11' title='bbox 1100 479 1261 547; x_wconf 88' lang='lat' dir='ltr'><strong>Dominus</strong></span> <span class='ocrx_word' id='word_1_12' title='bbox 1277 478 1455 567; x_wconf 80' lang='lat' dir='ltr'>Stephanus</span> <span class='ocrx_word' id='word_1_13' title='bbox 1472 469 1665 547; x_wconf 82' lang='lat' dir='ltr'><strong>Gardinerus</strong></span> 
     </span>
     <span class='ocr_line' id='line_1_3' title="bbox 294 584 1665 675; baseline 0 -23"><span class='ocrx_word' id='word_1_14' title='bbox 294 604 325 652; x_wconf 92' lang='lat' dir='ltr'><strong>et</strong></span> <span class='ocrx_word' id='word_1_15' title='bbox 353 585 513 655; x_wconf 88' lang='lat' dir='ltr'><strong>Dominus</strong></span> <span class='ocrx_word' id='word_1_16' title='bbox 541 584 724 654; x_wconf 88' lang='lat' dir='ltr'><strong>Eduuardus</strong></span> <span class='ocrx_word' id='word_1_17' title='bbox 751 585 856 653; x_wconf 88' lang='lat' dir='ltr'><strong>Foxus</strong></span> <span class='ocrx_word' id='word_1_18' title='bbox 883 586 978 675; x_wconf 89' lang='lat' dir='ltr'><strong>legati</strong></span> <span class='ocrx_word' id='word_1_19' title='bbox 1001 609 1117 675; x_wconf 87' lang='lat' dir='ltr'><strong>meque</strong></span> <span class='ocrx_word' id='word_1_20' title='bbox 1144 585 1227 674; x_wconf 92' lang='lat' dir='ltr'><strong>apud</strong></span> <span class='ocrx_word' id='word_1_21' title='bbox 1249 586 1455 654; x_wconf 88' lang='lat' dir='ltr'><strong>Sanctitatem</strong></span> <span class='ocrx_word' id='word_1_22' title='bbox 1478 585 1575 653; x_wconf 86' lang='lat' dir='ltr'><strong>Suam</strong></span> <span class='ocrx_word' id='word_1_23' title='bbox 1597 608 1665 653; x_wconf 89' lang='lat' dir='ltr'><strong>non</strong></span> 
     </span>
     <span class='ocr_line' id='line_1_4' title="bbox 293 690 1663 782; baseline 0 -25"><span class='ocrx_word' id='word_1_24' title='bbox 293 690 512 774; x_wconf 88' lang='lat' dir='ltr'><strong>offendissent,</strong></span> <span class='ocrx_word' id='word_1_25' title='bbox 536 693 687 780; x_wconf 91' lang='lat' dir='ltr'><strong>episcopo</strong></span> <span class='ocrx_word' id='word_1_26' title='bbox 703 690 855 760; x_wconf 90' lang='lat' dir='ltr'><strong>Feltrensi</strong></span> <span class='ocrx_word' id='word_1_27' title='bbox 871 691 966 775; x_wconf 85' lang='lat' dir='ltr'><strong>fratri,</strong></span> <span class='ocrx_word' id='word_1_28' title='bbox 990 694 1043 782; x_wconf 91' lang='lat' dir='ltr'><strong>qui</strong></span> <span class='ocrx_word' id='word_1_29' title='bbox 1066 691 1127 760; x_wconf 90' lang='lat' dir='ltr'><strong>illic</strong></span> <span class='ocrx_word' id='word_1_30' title='bbox 1146 694 1220 780; x_wconf 90' lang='lat' dir='ltr'><strong>agit,</strong></span> <span class='ocrx_word' id='word_1_31' title='bbox 1243 692 1416 759; x_wconf 79' lang='lat' dir='ltr'><strong>Maiestatis</strong></span> <span class='ocrx_word' id='word_1_32' title='bbox 1439 693 1544 779; x_wconf 83' lang='lat' dir='ltr'><strong>regiae</strong></span> <span class='ocrx_word' id='word_1_33' title='bbox 1565 704 1597 759; x_wconf 90' lang='lat' dir='ltr'><strong>et</strong></span> <span class='ocrx_word' id='word_1_34' title='bbox 1619 690 1663 758; x_wconf 94' lang='lat' dir='ltr'><strong>lll.</strong></span> 
     </span>
     <span class='ocr_line' id='line_1_5' title="bbox 293 795 1666 888; baseline 0 -24"><span class='ocrx_word' id='word_1_35' title='bbox 293 820 328 865; x_wconf 89' lang='lat' dir='ltr'><strong>ac</strong></span> <span class='ocrx_word' id='word_1_36' title='bbox 351 798 429 866; x_wconf 86' lang='lat' dir='ltr'><strong>Rev.</strong></span> <span class='ocrx_word' id='word_1_37' title='bbox 453 797 692 866; x_wconf 88' lang='lat' dir='ltr'><strong>Dominationis</strong></span> <span class='ocrx_word' id='word_1_38' title='bbox 708 801 841 867; x_wconf 79' lang='lat' dir='ltr'><strong>Vestrae</strong></span> <span class='ocrx_word' id='word_1_39' title='bbox 863 798 981 883; x_wconf 61' lang='lat' dir='ltr'><strong>l&#39;gteras</strong></span> <span class='ocrx_word' id='word_1_40' title='bbox 1003 797 1210 881; x_wconf 89' lang='lat' dir='ltr'><strong>tradiderunt,</strong></span> <span class='ocrx_word' id='word_1_41' title='bbox 1233 797 1344 888; x_wconf 91' lang='lat' dir='ltr'><strong>quibus</strong></span> <span class='ocrx_word' id='word_1_42' title='bbox 1367 796 1405 865; x_wconf 89' lang='lat' dir='ltr'><strong>ad</strong></span> <span class='ocrx_word' id='word_1_43' title='bbox 1422 822 1474 865; x_wconf 90' lang='lat' dir='ltr'><strong>me</strong></span> <span class='ocrx_word' id='word_1_44' title='bbox 1493 795 1619 886; x_wconf 90' lang='lat' dir='ltr'><strong>perlatis</strong></span> <span class='ocrx_word' id='word_1_45' title='bbox 1634 807 1666 864; x_wconf 89' lang='lat' dir='ltr'><strong>et</strong></span> 
     </span>
     <span class='ocr_line' id='line_1_6' title="bbox 293 901 1665 994; baseline 0.001 -24"><span class='ocrx_word' id='word_1_46' title='bbox 293 902 381 971; x_wconf 90' lang='lat' dir='ltr'><strong>lectis</strong></span> <span class='ocrx_word' id='word_1_47' title='bbox 409 927 481 971; x_wconf 87' lang='lat' dir='ltr'><strong>curn</strong></span> <span class='ocrx_word' id='word_1_48' title='bbox 510 905 755 992; x_wconf 85' lang='lat' dir='ltr'><strong>cognovissem,</strong></span> <span class='ocrx_word' id='word_1_49' title='bbox 779 903 855 994; x_wconf 91' lang='lat' dir='ltr'><strong>quid</strong></span> <span class='ocrx_word' id='word_1_50' title='bbox 882 928 899 972; x_wconf 89' lang='lat' dir='ltr'><strong>a</strong></span> <span class='ocrx_word' id='word_1_51' title='bbox 927 928 980 972; x_wconf 91' lang='lat' dir='ltr'><strong>me</strong></span> <span class='ocrx_word' id='word_1_52' title='bbox 1011 905 1198 993; x_wconf 86' lang='lat' dir='ltr'><strong>exigeretur,</strong></span> <span class='ocrx_word' id='word_1_53' title='bbox 1227 902 1486 972; x_wconf 80' lang='lat' dir='ltr'><strong>molestissimam</strong></span> <span class='ocrx_word' id='word_1_54' title='bbox 1514 903 1595 971; x_wconf 90' lang='lat' dir='ltr'><strong>hanc</strong></span> <span class='ocrx_word' id='word_1_55' title='bbox 1623 901 1665 971; x_wconf 90' lang='lat' dir='ltr'><strong>le-</strong></span> 
     </span>
     <span class='ocr_line' id='line_1_7' title="bbox 292 1007 1665 1099; baseline 0 -23"><span class='ocrx_word' id='word_1_56' title='bbox 292 1010 457 1097; x_wconf 87' lang='lat' dir='ltr'><strong>gationem</strong></span> <span class='ocrx_word' id='word_1_57' title='bbox 486 1033 592 1078; x_wconf 89' lang='lat' dir='ltr'><strong>meam</strong></span> <span class='ocrx_word' id='word_1_58' title='bbox 622 1033 705 1099; x_wconf 87' lang='lat' dir='ltr'><strong>pene</strong></span> <span class='ocrx_word' id='word_1_59' title='bbox 733 1022 896 1079; x_wconf 82' lang='lat' dir='ltr'><strong>execratus</strong></span> <span class='ocrx_word' id='word_1_60' title='bbox 926 1034 1013 1094; x_wconf 89' lang='lat' dir='ltr'><strong>sum,</strong></span> <span class='ocrx_word' id='word_1_61' title='bbox 1044 1012 1132 1078; x_wconf 89' lang='lat' dir='ltr'><strong>cuius</strong></span> <span class='ocrx_word' id='word_1_62' title='bbox 1163 1028 1255 1078; x_wconf 86' lang='lat' dir='ltr'><strong>causa</strong></span> <span class='ocrx_word' id='word_1_63' title='bbox 1283 1009 1455 1093; x_wconf 89' lang='lat' dir='ltr'><strong>detinebat,</strong></span> <span class='ocrx_word' id='word_1_64' title='bbox 1484 1007 1571 1098; x_wconf 91' lang='lat' dir='ltr'><strong>quod</strong></span> <span class='ocrx_word' id='word_1_65' title='bbox 1597 1032 1665 1076; x_wconf 92' lang='lat' dir='ltr'><strong>non</strong></span> 
     </span>
     <span class='ocr_line' id='line_1_8' title="bbox 292 1114 1665 1206; baseline -0.001 -23"><span class='ocrx_word' id='word_1_66' title='bbox 292 1116 399 1183; x_wconf 88' lang='lat' dir='ltr'><strong>statim</strong></span> <span class='ocrx_word' id='word_1_67' title='bbox 421 1114 461 1184; x_wconf 92' lang='lat' dir='ltr'><strong>ad</strong></span> <span class='ocrx_word' id='word_1_68' title='bbox 484 1139 541 1183; x_wconf 92' lang='lat' dir='ltr'><strong>eos</strong></span> <span class='ocrx_word' id='word_1_69' title='bbox 564 1114 756 1200; x_wconf 75' lang='lat' dir='ltr'><strong>advolarem,</strong></span> <span class='ocrx_word' id='word_1_70' title='bbox 780 1129 814 1184; x_wconf 89' lang='lat' dir='ltr'><strong>ut</strong></span> <span class='ocrx_word' id='word_1_71' title='bbox 837 1117 882 1184; x_wconf 87' lang='lat' dir='ltr'><strong>eis</strong></span> <span class='ocrx_word' id='word_1_72' title='bbox 905 1114 1020 1200; x_wconf 83' lang='lat' dir='ltr'><strong>officia,</strong></span> <span class='ocrx_word' id='word_1_73' title='bbox 1044 1114 1146 1184; x_wconf 90' lang='lat' dir='ltr'><strong>studia</strong></span> <span class='ocrx_word' id='word_1_74' title='bbox 1169 1129 1201 1184; x_wconf 93' lang='lat' dir='ltr'><strong>et</strong></span> <span class='ocrx_word' id='word_1_75' title='bbox 1216 1115 1369 1206; x_wconf 87' lang='lat' dir='ltr'><strong>obsequia</strong></span> <span class='ocrx_word' id='word_1_76' title='bbox 1390 1138 1462 1184; x_wconf 88' lang='lat' dir='ltr'><strong>mea</strong></span> <span class='ocrx_word' id='word_1_77' title='bbox 1481 1117 1591 1185; x_wconf 89' lang='lat' dir='ltr'><strong>omnia</strong></span> <span class='ocrx_word' id='word_1_78' title='bbox 1613 1139 1665 1182; x_wconf 87' lang='lat' dir='ltr'><strong>ex·</strong></span> 
     </span>
     <span class='ocr_line' id='line_1_9' title="bbox 292 1220 1665 1312; baseline -0.001 -23"><span class='ocrx_word' id='word_1_79' title='bbox 292 1220 434 1290; x_wconf 90' lang='lat' dir='ltr'><strong>hiberem</strong></span> <span class='ocrx_word' id='word_1_80' title='bbox 451 1246 584 1312; x_wconf 89' lang='lat' dir='ltr'><strong>eamque</strong></span> <span class='ocrx_word' id='word_1_81' title='bbox 601 1246 731 1312; x_wconf 88' lang='lat' dir='ltr'><strong>operam</strong></span> <span class='ocrx_word' id='word_1_82' title='bbox 752 1224 909 1291; x_wconf 88' lang='lat' dir='ltr'><strong>Maiestati</strong></span> <span class='ocrx_word' id='word_1_83' title='bbox 924 1224 1030 1312; x_wconf 83' lang='lat' dir='ltr'><strong>regiae</strong></span> <span class='ocrx_word' id='word_1_84' title='bbox 1046 1236 1076 1292; x_wconf 90' lang='lat' dir='ltr'><strong>et</strong></span> <span class='ocrx_word' id='word_1_85' title='bbox 1092 1224 1169 1292; x_wconf 86' lang='lat' dir='ltr'><strong>Rev.</strong></span> <span class='ocrx_word' id='word_1_86' title='bbox 1187 1242 1218 1291; x_wconf 91' lang='lat' dir='ltr'><strong>et</strong></span> <span class='ocrx_word' id='word_1_87' title='bbox 1233 1221 1278 1290; x_wconf 92' lang='lat' dir='ltr'><strong>Ill.</strong></span> <span class='ocrx_word' id='word_1_88' title='bbox 1294 1223 1516 1290; x_wconf 89' lang='lat' dir='ltr'><strong>Dominationi</strong></span> <span class='ocrx_word' id='word_1_89' title='bbox 1533 1221 1665 1288; x_wconf 86' lang='lat' dir='ltr'><strong>Vestrae</strong></span> 
     </span>
     <span class='ocr_line' id='line_1_10' title="bbox 293 1327 1665 1417; baseline 0 -23"><span class='ocrx_word' id='word_1_90' title='bbox 293 1351 452 1410; x_wconf 89' lang='lat' dir='ltr'><strong>navarem,</strong></span> <span class='ocrx_word' id='word_1_91' title='bbox 476 1351 570 1417; x_wconf 86' lang='lat' dir='ltr'><strong>quant</strong></span> <span class='ocrx_word' id='word_1_92' title='bbox 594 1339 626 1396; x_wconf 89' lang='lat' dir='ltr'><strong>et</strong></span> <span class='ocrx_word' id='word_1_93' title='bbox 640 1331 737 1397; x_wconf 89' lang='lat' dir='ltr'><strong>vestri</strong></span> <span class='ocrx_word' id='word_1_94' title='bbox 756 1328 902 1397; x_wconf 88' lang='lat' dir='ltr'><strong>desiderii</strong></span> <span class='ocrx_word' id='word_1_95' title='bbox 925 1330 1004 1397; x_wconf 89' lang='lat' dir='ltr'><strong>ratio</strong></span> <span class='ocrx_word' id='word_1_96' title='bbox 1022 1342 1054 1398; x_wconf 92' lang='lat' dir='ltr'><strong>et</strong></span> <span class='ocrx_word' id='word_1_97' title='bbox 1068 1353 1179 1397; x_wconf 87' lang='lat' dir='ltr'><strong>causae</strong></span> <span class='ocrx_word' id='word_1_98' title='bbox 1203 1328 1391 1417; x_wconf 89' lang='lat' dir='ltr'><strong>magnitudo</strong></span> <span class='ocrx_word' id='word_1_99' title='bbox 1408 1327 1465 1395; x_wconf 89' lang='lat' dir='ltr'><strong>sibi</strong></span> <span class='ocrx_word' id='word_1_100' title='bbox 1489 1346 1665 1416; x_wconf 82' lang='lat' dir='ltr'><strong>exposcunt</strong></span> 
     </span>
     <span class='ocr_line' id='line_1_11' title="bbox 293 1431 1665 1525; baseline -0.001 -23"><span class='ocrx_word' id='word_1_101' title='bbox 293 1457 451 1524; x_wconf 88' lang='lat' dir='ltr'><strong>quamque</strong></span> <span class='ocrx_word' id='word_1_102' title='bbox 474 1432 565 1502; x_wconf 92' lang='lat' dir='ltr'><strong>vobis</strong></span> <span class='ocrx_word' id='word_1_103' title='bbox 592 1447 749 1524; x_wconf 85' lang='lat' dir='ltr'><strong>praestare</strong></span> <span class='ocrx_word' id='word_1_104' title='bbox 777 1434 893 1505; x_wconf 87' lang='lat' dir='ltr'><strong>diutius</strong></span> <span class='ocrx_word' id='word_1_105' title='bbox 915 1437 1120 1525; x_wconf 86' lang='lat' dir='ltr'><strong>concupisco.</strong></span> <span class='ocrx_word' id='word_1_106' title='bbox 1166 1435 1275 1525; x_wconf 89' lang='lat' dir='ltr'><strong>ltaque</strong></span> <span class='ocrx_word' id='word_1_107' title='bbox 1303 1433 1411 1503; x_wconf 87' lang='lat' dir='ltr'><strong>nullibi</strong></span> <span class='ocrx_word' id='word_1_108' title='bbox 1434 1446 1482 1502; x_wconf 89' lang='lat' dir='ltr'><strong>est</strong></span> <span class='ocrx_word' id='word_1_109' title='bbox 1511 1434 1589 1517; x_wconf 87' lang='lat' dir='ltr'><strong>iam,</strong></span> <span class='ocrx_word' id='word_1_110' title='bbox 1613 1431 1665 1501; x_wconf 92' lang='lat' dir='ltr'><strong>ubi</strong></span> 
     </span>
     <span class='ocr_line' id='line_1_12' title="bbox 293 1539 1666 1632; baseline 0.001 -26"><span class='ocrx_word' id='word_1_111' title='bbox 293 1564 378 1608; x_wconf 94' lang='lat' dir='ltr'><strong>nunc</strong></span> <span class='ocrx_word' id='word_1_112' title='bbox 402 1539 505 1631; x_wconf 91' lang='lat' dir='ltr'><strong>(non)</strong></span> <span class='ocrx_word' id='word_1_113' title='bbox 530 1564 599 1610; x_wconf 91' lang='lat' dir='ltr'><strong>esse</strong></span> <span class='ocrx_word' id='word_1_114' title='bbox 626 1541 735 1610; x_wconf 87' lang='lat' dir='ltr'><strong>malim</strong></span> <span class='ocrx_word' id='word_1_115' title='bbox 758 1566 852 1632; x_wconf 89' lang='lat' dir='ltr'><strong>quam</strong></span> <span class='ocrx_word' id='word_1_116' title='bbox 876 1544 1014 1626; x_wconf 90' lang='lat' dir='ltr'><strong>Romae,</strong></span> <span class='ocrx_word' id='word_1_117' title='bbox 1043 1541 1095 1610; x_wconf 91' lang='lat' dir='ltr'><strong>ubi</strong></span> <span class='ocrx_word' id='word_1_118' title='bbox 1119 1566 1192 1612; x_wconf 88' lang='lat' dir='ltr'><strong>cum</strong></span> <span class='ocrx_word' id='word_1_119' title='bbox 1216 1542 1327 1610; x_wconf 88' lang='lat' dir='ltr'><strong>omnia</strong></span> <span class='ocrx_word' id='word_1_120' title='bbox 1357 1551 1463 1609; x_wconf 89' lang='lat' dir='ltr'><strong>essent</strong></span> <span class='ocrx_word' id='word_1_121' title='bbox 1489 1542 1611 1628; x_wconf 88' lang='lat' dir='ltr'><strong>ingrata</strong></span> <span class='ocrx_word' id='word_1_122' title='bbox 1634 1550 1666 1607; x_wconf 89' lang='lat' dir='ltr'><strong>et</strong></span> 
     </span>
     <span class='ocr_line' id='line_1_13' title="bbox 293 1646 1665 1741; baseline -0.002 -27"><span class='ocrx_word' id='word_1_123' title='bbox 293 1647 459 1715; x_wconf 84' lang='lat' dir='ltr'><strong>molestiae</strong></span> <span class='ocrx_word' id='word_1_124' title='bbox 486 1648 594 1736; x_wconf 88' lang='lat' dir='ltr'><strong>plena,</strong></span> <span class='ocrx_word' id='word_1_125' title='bbox 625 1647 688 1741; x_wconf 88' lang='lat' dir='ltr'><strong>hoc</strong></span> <span class='ocrx_word' id='word_1_126' title='bbox 713 1648 812 1717; x_wconf 90' lang='lat' dir='ltr'><strong>veluti</strong></span> <span class='ocrx_word' id='word_1_127' title='bbox 839 1661 1004 1717; x_wconf 86' lang='lat' dir='ltr'><strong>aucturum</strong></span> <span class='ocrx_word' id='word_1_128' title='bbox 1032 1649 1177 1732; x_wconf 86' lang='lat' dir='ltr'><strong>accessit,</strong></span> <span class='ocrx_word' id='word_1_129' title='bbox 1207 1671 1272 1738; x_wconf 90' lang='lat' dir='ltr'><strong>quo</strong></span> <span class='ocrx_word' id='word_1_130' title='bbox 1303 1648 1403 1715; x_wconf 89' lang='lat' dir='ltr'><strong>invisa</strong></span> <span class='ocrx_word' id='word_1_131' title='bbox 1432 1646 1510 1714; x_wconf 91' lang='lat' dir='ltr'><strong>mihi</strong></span> <span class='ocrx_word' id='word_1_132' title='bbox 1539 1646 1665 1735; x_wconf 89' lang='lat' dir='ltr'><strong>penitus</strong></span> 
     </span>
     <span class='ocr_line' id='line_1_14' title="bbox 292 1751 1665 1845; baseline -0.001 -25"><span class='ocrx_word' id='word_1_133' title='bbox 292 1752 441 1821; x_wconf 87' lang='lat' dir='ltr'><strong>reddatur</strong></span> <span class='ocrx_word' id='word_1_134' title='bbox 467 1754 546 1822; x_wconf 92' lang='lat' dir='ltr'><strong>haec</strong></span> <span class='ocrx_word' id='word_1_135' title='bbox 572 1753 699 1843; x_wconf 89' lang='lat' dir='ltr'><strong>legatio.</strong></span> <span class='ocrx_word' id='word_1_136' title='bbox 745 1756 797 1823; x_wconf 90' lang='lat' dir='ltr'><strong>Ne</strong></span> <span class='ocrx_word' id='word_1_137' title='bbox 829 1774 937 1823; x_wconf 88' lang='lat' dir='ltr'><strong>tamen</strong></span> <span class='ocrx_word' id='word_1_138' title='bbox 965 1753 1053 1845; x_wconf 91' lang='lat' dir='ltr'><strong>quod</strong></span> <span class='ocrx_word' id='word_1_139' title='bbox 1080 1754 1119 1823; x_wconf 91' lang='lat' dir='ltr'><strong>ad</strong></span> <span class='ocrx_word' id='word_1_140' title='bbox 1148 1753 1291 1822; x_wconf 83' lang='lat' dir='ltr'><strong>officium</strong></span> <span class='ocrx_word' id='word_1_141' title='bbox 1318 1766 1460 1843; x_wconf 89' lang='lat' dir='ltr'><strong>spectare</strong></span> <span class='ocrx_word' id='word_1_142' title='bbox 1487 1751 1665 1830; x_wconf 75' lang='lat' dir='ltr'><strong>arbitrabar,</strong></span> 
     </span>
     <span class='ocr_line' id='line_1_15' title="bbox 293 1858 1665 1952; baseline -0.001 -25"><span class='ocrx_word' id='word_1_143' title='bbox 293 1861 398 1950; x_wconf 86' lang='lat' dir='ltr'><strong>aliquo</strong></span> <span class='ocrx_word' id='word_1_144' title='bbox 421 1859 522 1927; x_wconf 92' lang='lat' dir='ltr'><strong>modo</strong></span> <span class='ocrx_word' id='word_1_145' title='bbox 546 1862 846 1948; x_wconf 88' lang='lat' dir='ltr'><strong>praetermitterem,</strong></span> <span class='ocrx_word' id='word_1_146' title='bbox 870 1882 1023 1952; x_wconf 90' lang='lat' dir='ltr'><strong>quantum</strong></span> <span class='ocrx_word' id='word_1_147' title='bbox 1046 1884 1103 1951; x_wconf 90' lang='lat' dir='ltr'><strong>per</strong></span> <span class='ocrx_word' id='word_1_148' title='bbox 1125 1859 1299 1930; x_wconf 88' lang='lat' dir='ltr'><strong>absentiam</strong></span> <span class='ocrx_word' id='word_1_149' title='bbox 1323 1859 1424 1942; x_wconf 91' lang='lat' dir='ltr'><strong>licuit,</strong></span> <span class='ocrx_word' id='word_1_150' title='bbox 1451 1858 1562 1926; x_wconf 89' lang='lat' dir='ltr'><strong>litteris</strong></span> <span class='ocrx_word' id='word_1_151' title='bbox 1585 1858 1665 1927; x_wconf 90' lang='lat' dir='ltr'><strong>meis</strong></span> 
     </span>
     <span class='ocr_line' id='line_1_16' title="bbox 293 1964 1665 2058; baseline 0 -26"><span class='ocrx_word' id='word_1_152' title='bbox 293 1967 330 2033; x_wconf 85' lang='lat' dir='ltr'><strong>iis</strong></span> <span class='ocrx_word' id='word_1_153' title='bbox 354 1966 532 2034; x_wconf 89' lang='lat' dir='ltr'><strong>oratoribus</strong></span> <span class='ocrx_word' id='word_1_154' title='bbox 554 1965 628 2035; x_wconf 89' lang='lat' dir='ltr'><strong>affui</strong></span> <span class='ocrx_word' id='word_1_155' title='bbox 646 1979 740 2057; x_wconf 87' lang='lat' dir='ltr'><strong>atque</strong></span> <span class='ocrx_word' id='word_1_156' title='bbox 762 1991 819 2057; x_wconf 88' lang='lat' dir='ltr'><strong>per</strong></span> <span class='ocrx_word' id='word_1_157' title='bbox 834 1967 962 2037; x_wconf 83' lang='lat' dir='ltr'><strong>fratrem</strong></span> <span class='ocrx_word' id='word_1_158' title='bbox 978 1991 1109 2058; x_wconf 88' lang='lat' dir='ltr'><strong>operam</strong></span> <span class='ocrx_word' id='word_1_159' title='bbox 1131 1991 1237 2035; x_wconf 88' lang='lat' dir='ltr'><strong>meam</strong></span> <span class='ocrx_word' id='word_1_160' title='bbox 1254 1990 1386 2035; x_wconf 90' lang='lat' dir='ltr'><strong>omnem</strong></span> <span class='ocrx_word' id='word_1_161' title='bbox 1404 1964 1502 2035; x_wconf 89' lang='lat' dir='ltr'><strong>obtuli</strong></span> <span class='ocrx_word' id='word_1_162' title='bbox 1525 1966 1665 2054; x_wconf 90' lang='lat' dir='ltr'><strong>itemque</strong></span> 
     </span>
     <span class='ocr_line' id='line_1_17' title="bbox 293 2070 1665 2164; baseline -0.001 -25"><span class='ocrx_word' id='word_1_163' title='bbox 293 2072 403 2141; x_wconf 87' lang='lat' dir='ltr'><strong>litteris</strong></span> <span class='ocrx_word' id='word_1_164' title='bbox 427 2072 543 2140; x_wconf 90' lang='lat' dir='ltr'><strong>eodem</strong></span> <span class='ocrx_word' id='word_1_165' title='bbox 566 2074 739 2162; x_wconf 87' lang='lat' dir='ltr'><strong>interprete</strong></span> <span class='ocrx_word' id='word_1_166' title='bbox 761 2073 948 2163; x_wconf 90' lang='lat' dir='ltr'><strong>pontificem</strong></span> <span class='ocrx_word' id='word_1_167' title='bbox 972 2074 1033 2143; x_wconf 89' lang='lat' dir='ltr'><strong>adii</strong></span> <span class='ocrx_word' id='word_1_168' title='bbox 1055 2074 1093 2142; x_wconf 88' lang='lat' dir='ltr'><strong>ab</strong></span> <span class='ocrx_word' id='word_1_169' title='bbox 1110 2097 1213 2164; x_wconf 89' lang='lat' dir='ltr'><strong>eoque</strong></span> <span class='ocrx_word' id='word_1_170' title='bbox 1236 2096 1365 2142; x_wconf 90' lang='lat' dir='ltr'><strong>summo</strong></span> <span class='ocrx_word' id='word_1_171' title='bbox 1384 2070 1490 2140; x_wconf 89' lang='lat' dir='ltr'><strong>studio</strong></span> <span class='ocrx_word' id='word_1_172' title='bbox 1515 2081 1546 2139; x_wconf 89' lang='lat' dir='ltr'><strong>et</strong></span> <span class='ocrx_word' id='word_1_173' title='bbox 1568 2071 1665 2139; x_wconf 90' lang='lat' dir='ltr'><strong>multa</strong></span> 
     </span>
     <span class='ocr_line' id='line_1_18' title="bbox 295 2178 1666 2269; baseline -0.001 -23"><span class='ocrx_word' id='word_1_174' title='bbox 295 2202 389 2268; x_wconf 87' lang='lat' dir='ltr'><strong>prece</strong></span> <span class='ocrx_word' id='word_1_175' title='bbox 406 2178 558 2247; x_wconf 90' lang='lat' dir='ltr'><strong>contendi</strong></span> <span class='ocrx_word' id='word_1_176' title='bbox 581 2202 616 2247; x_wconf 91' lang='lat' dir='ltr'><strong>ac</strong></span> <span class='ocrx_word' id='word_1_177' title='bbox 632 2180 763 2268; x_wconf 84' lang='lat' dir='ltr'><strong>supplex</strong></span> <span class='ocrx_word' id='word_1_178' title='bbox 785 2181 872 2269; x_wconf 87' lang='lat' dir='ltr'><strong>petii,</strong></span> <span class='ocrx_word' id='word_1_179' title='bbox 895 2192 931 2250; x_wconf 90' lang='lat' dir='ltr'><strong>ut</strong></span> <span class='ocrx_word' id='word_1_180' title='bbox 948 2180 1181 2250; x_wconf 87' lang='lat' dir='ltr'><strong>honestissimis</strong></span> <span class='ocrx_word' id='word_1_181' title='bbox 1196 2180 1370 2247; x_wconf 86' lang='lat' dir='ltr'><strong>Maiestatis</strong></span> <span class='ocrx_word' id='word_1_182' title='bbox 1392 2179 1497 2266; x_wconf 86' lang='lat' dir='ltr'><strong>regiae</strong></span> <span class='ocrx_word' id='word_1_183' title='bbox 1511 2178 1595 2246; x_wconf 85' lang='lat' dir='ltr'><strong>votis</strong></span> <span class='ocrx_word' id='word_1_184' title='bbox 1612 2200 1666 2245; x_wconf 88' lang='lat' dir='ltr'><strong>an-</strong></span> 
     </span>
     <span class='ocr_line' id='line_1_19' title="bbox 294 2282 1665 2376; baseline -0.001 -23"><span class='ocrx_word' id='word_1_185' title='bbox 294 2297 420 2368; x_wconf 91' lang='lat' dir='ltr'><strong>nueret,</strong></span> <span class='ocrx_word' id='word_1_186' title='bbox 449 2284 555 2354; x_wconf 88' lang='lat' dir='ltr'><strong>multis</strong></span> <span class='ocrx_word' id='word_1_187' title='bbox 579 2284 681 2354; x_wconf 90' lang='lat' dir='ltr'><strong>obiter</strong></span> <span class='ocrx_word' id='word_1_188' title='bbox 704 2287 812 2376; x_wconf 91' lang='lat' dir='ltr'><strong>eisque</strong></span> <span class='ocrx_word' id='word_1_189' title='bbox 840 2286 1041 2376; x_wconf 89' lang='lat' dir='ltr'><strong>amplissimis</strong></span> <span class='ocrx_word' id='word_1_190' title='bbox 1065 2310 1139 2375; x_wconf 85' lang='lat' dir='ltr'><strong>erga</strong></span> <span class='ocrx_word' id='word_1_191' title='bbox 1166 2310 1227 2354; x_wconf 90' lang='lat' dir='ltr'><strong>nos</strong></span> <span class='ocrx_word' id='word_1_192' title='bbox 1250 2305 1282 2354; x_wconf 92' lang='lat' dir='ltr'><strong>et</strong></span> <span class='ocrx_word' id='word_1_193' title='bbox 1304 2284 1524 2374; x_wconf 86' lang='lat' dir='ltr'><strong>Apostolicam</strong></span> <span class='ocrx_word' id='word_1_194' title='bbox 1548 2282 1665 2351; x_wconf 86' lang='lat' dir='ltr'><strong>Sedetn</strong></span> 
     </span>
     <span class='ocr_line' id='line_1_20' title="bbox 293 2388 1665 2482; baseline -0.001 -23"><span class='ocrx_word' id='word_1_195' title='bbox 293 2414 329 2460; x_wconf 89' lang='lat' dir='ltr'><strong>ac</strong></span> <span class='ocrx_word' id='word_1_196' title='bbox 357 2391 562 2460; x_wconf 88' lang='lat' dir='ltr'><strong>Sanctitatem</strong></span> <span class='ocrx_word' id='word_1_197' title='bbox 586 2392 682 2460; x_wconf 88' lang='lat' dir='ltr'><strong>Suam</strong></span> <span class='ocrx_word' id='word_1_198' title='bbox 710 2394 831 2462; x_wconf 88' lang='lat' dir='ltr'><strong>meritis</strong></span> <span class='ocrx_word' id='word_1_199' title='bbox 859 2395 1062 2476; x_wconf 88' lang='lat' dir='ltr'><strong>enumeratis,</strong></span> <span class='ocrx_word' id='word_1_200' title='bbox 1090 2416 1151 2482; x_wconf 88' lang='lat' dir='ltr'><strong>qua</strong></span> <span class='ocrx_word' id='word_1_201' title='bbox 1180 2394 1212 2460; x_wconf 89' lang='lat' dir='ltr'><strong>in</strong></span> <span class='ocrx_word' id='word_1_202' title='bbox 1236 2415 1270 2460; x_wconf 90' lang='lat' dir='ltr'><strong>re</strong></span> <span class='ocrx_word' id='word_1_203' title='bbox 1293 2390 1417 2459; x_wconf 87' lang='lat' dir='ltr'><strong>abunde</strong></span> <span class='ocrx_word' id='word_1_204' title='bbox 1444 2390 1585 2479; x_wconf 90' lang='lat' dir='ltr'><strong>locuples</strong></span> <span class='ocrx_word' id='word_1_205' title='bbox 1611 2388 1665 2470; x_wconf 83' lang='lat' dir='ltr'><strong>fui,</strong></span> 
     </span>
     <span class='ocr_line' id='line_1_21' title="bbox 294 2494 1666 2587; baseline -0.003 -21"><span class='ocrx_word' id='word_1_206' title='bbox 294 2522 361 2566; x_wconf 91' lang='lat' dir='ltr'><strong>non</strong></span> <span class='ocrx_word' id='word_1_207' title='bbox 389 2498 461 2587; x_wconf 85' lang='lat' dir='ltr'><strong>quia</strong></span> <span class='ocrx_word' id='word_1_208' title='bbox 487 2497 667 2567; x_wconf 89' lang='lat' dir='ltr'><strong>istiusmodi</strong></span> <span class='ocrx_word' id='word_1_209' title='bbox 695 2499 794 2567; x_wconf 88' lang='lat' dir='ltr'><strong>multa</strong></span> <span class='ocrx_word' id='word_1_210' title='bbox 821 2500 854 2566; x_wconf 90' lang='lat' dir='ltr'><strong>in</strong></span> <span class='ocrx_word' id='word_1_211' title='bbox 882 2500 949 2567; x_wconf 91' lang='lat' dir='ltr'><strong>eius</strong></span> <span class='ocrx_word' id='word_1_212' title='bbox 977 2499 1076 2568; x_wconf 89' lang='lat' dir='ltr'><strong>oculis</strong></span> <span class='ocrx_word' id='word_1_213' title='bbox 1105 2522 1172 2567; x_wconf 91' lang='lat' dir='ltr'><strong>non</strong></span> <span class='ocrx_word' id='word_1_214' title='bbox 1195 2509 1371 2580; x_wconf 88' lang='lat' dir='ltr'><strong>versentur,</strong></span> <span class='ocrx_word' id='word_1_215' title='bbox 1402 2496 1458 2565; x_wconf 91' lang='lat' dir='ltr'><strong>sed</strong></span> <span class='ocrx_word' id='word_1_216' title='bbox 1486 2497 1579 2564; x_wconf 91' lang='lat' dir='ltr'><strong>utin</strong></span> <span class='ocrx_word' id='word_1_217' title='bbox 1608 2494 1666 2563; x_wconf 88' lang='lat' dir='ltr'><strong>hac</strong></span> 
     </span>
     <span class='ocr_line' id='line_1_22' title="bbox 293 2603 1665 2695; baseline -0.001 -24"><span class='ocrx_word' id='word_1_218' title='bbox 293 2605 359 2693; x_wconf 90' lang='lat' dir='ltr'><strong>ipsa</strong></span> <span class='ocrx_word' id='word_1_219' title='bbox 381 2627 416 2671; x_wconf 90' lang='lat' dir='ltr'><strong>re</strong></span> <span class='ocrx_word' id='word_1_220' title='bbox 439 2603 516 2673; x_wconf 90' lang='lat' dir='ltr'><strong>mihi</strong></span> <span class='ocrx_word' id='word_1_221' title='bbox 540 2604 632 2694; x_wconf 90' lang='lat' dir='ltr'><strong>plane</strong></span> <span class='ocrx_word' id='word_1_222' title='bbox 654 2604 877 2674; x_wconf 85' lang='lat' dir='ltr'><strong>satisfacerem.</strong></span> <span class='ocrx_word' id='word_1_223' title='bbox 923 2605 958 2674; x_wconf 94' lang='lat' dir='ltr'><strong>ld</strong></span> <span class='ocrx_word' id='word_1_224' title='bbox 981 2605 1068 2695; x_wconf 93' lang='lat' dir='ltr'><strong>quod</strong></span> <span class='ocrx_word' id='word_1_225' title='bbox 1091 2604 1204 2673; x_wconf 91' lang='lat' dir='ltr'><strong>sedulo</strong></span> <span class='ocrx_word' id='word_1_226' title='bbox 1224 2606 1315 2672; x_wconf 91' lang='lat' dir='ltr'><strong>omni</strong></span> <span class='ocrx_word' id='word_1_227' title='bbox 1338 2604 1461 2673; x_wconf 89' lang='lat' dir='ltr'><strong>ratione</strong></span> <span class='ocrx_word' id='word_1_228' title='bbox 1483 2625 1665 2692; x_wconf 87' lang='lat' dir='ltr'><strong>prosequar,</strong></span> 
     </span>
     <span class='ocr_line' id='line_1_23' title="bbox 293 2709 1666 2801; baseline -0.001 -23"><span class='ocrx_word' id='word_1_229' title='bbox 293 2710 415 2779; x_wconf 89' lang='lat' dir='ltr'><strong>nullum</strong></span> <span class='ocrx_word' id='word_1_230' title='bbox 438 2710 532 2779; x_wconf 89' lang='lat' dir='ltr'><strong>studii</strong></span> <span class='ocrx_word' id='word_1_231' title='bbox 555 2724 608 2779; x_wconf 89' lang='lat' dir='ltr'><strong>aut</strong></span> <span class='ocrx_word' id='word_1_232' title='bbox 624 2710 721 2779; x_wconf 88' lang='lat' dir='ltr'><strong>officii</strong></span> <span class='ocrx_word' id='word_1_233' title='bbox 743 2734 845 2800; x_wconf 88' lang='lat' dir='ltr'><strong>genus</strong></span> <span class='ocrx_word' id='word_1_234' title='bbox 861 2713 1115 2801; x_wconf 89' lang='lat' dir='ltr'><strong>praetermittens</strong></span> <span class='ocrx_word' id='word_1_235' title='bbox 1138 2711 1234 2793; x_wconf 89' lang='lat' dir='ltr'><strong>iniis,</strong></span> <span class='ocrx_word' id='word_1_236' title='bbox 1258 2734 1338 2800; x_wconf 88' lang='lat' dir='ltr'><strong>quae</strong></span> <span class='ocrx_word' id='word_1_237' title='bbox 1362 2709 1435 2777; x_wconf 88' lang='lat' dir='ltr'><strong>huic</strong></span> <span class='ocrx_word' id='word_1_238' title='bbox 1450 2732 1562 2777; x_wconf 88' lang='lat' dir='ltr'><strong>causae</strong></span> <span class='ocrx_word' id='word_1_239' title='bbox 1578 2732 1666 2777; x_wconf 91' lang='lat' dir='ltr'><strong>com·</strong></span> 
     </span>
     <span class='ocr_line' id='line_1_24' title="bbox 293 2814 1665 2907; baseline -0.002 -22"><span class='ocrx_word' id='word_1_240' title='bbox 293 2816 390 2885; x_wconf 89' lang='lat' dir='ltr'><strong>moda</strong></span> <span class='ocrx_word' id='word_1_241' title='bbox 405 2816 475 2885; x_wconf 87' lang='lat' dir='ltr'><strong>lore</strong></span> <span class='ocrx_word' id='word_1_242' title='bbox 490 2839 692 2906; x_wconf 84' lang='lat' dir='ltr'><strong>perspexero,</strong></span> <span class='ocrx_word' id='word_1_243' title='bbox 716 2841 783 2885; x_wconf 89' lang='lat' dir='ltr'><strong>non</strong></span> <span class='ocrx_word' id='word_1_244' title='bbox 802 2817 904 2886; x_wconf 91' lang='lat' dir='ltr'><strong>modo</strong></span> <span class='ocrx_word' id='word_1_245' title='bbox 928 2837 962 2886; x_wconf 93' lang='lat' dir='ltr'><strong>ut</strong></span> <span class='ocrx_word' id='word_1_246' title='bbox 985 2818 1186 2907; x_wconf 88' lang='lat' dir='ltr'><strong>amplissimis</strong></span> <span class='ocrx_word' id='word_1_247' title='bbox 1201 2818 1314 2885; x_wconf 89' lang='lat' dir='ltr'><strong>vestris</strong></span> <span class='ocrx_word' id='word_1_248' title='bbox 1337 2839 1412 2904; x_wconf 90' lang='lat' dir='ltr'><strong>erga</strong></span> <span class='ocrx_word' id='word_1_249' title='bbox 1433 2838 1486 2883; x_wconf 90' lang='lat' dir='ltr'><strong>me</strong></span> <span class='ocrx_word' id='word_1_250' title='bbox 1504 2814 1665 2883; x_wconf 88' lang='lat' dir='ltr'><strong>beneficiis</strong></span> 
     </span>
     <span class='ocr_line' id='line_1_25' title="bbox 293 2919 1665 3013; baseline -0.003 -23"><span class='ocrx_word' id='word_1_251' title='bbox 293 2923 394 3012; x_wconf 89' lang='lat' dir='ltr'><strong>aliqua</strong></span> <span class='ocrx_word' id='word_1_252' title='bbox 417 2947 456 2990; x_wconf 86' lang='lat' dir='ltr'><strong>ex</strong></span> <span class='ocrx_word' id='word_1_253' title='bbox 478 2935 565 3012; x_wconf 89' lang='lat' dir='ltr'><strong>parte</strong></span> <span class='ocrx_word' id='word_1_254' title='bbox 588 2921 815 3011; x_wconf 88' lang='lat' dir='ltr'><strong>respondeam,</strong></span> <span class='ocrx_word' id='word_1_255' title='bbox 844 2922 901 2992; x_wconf 93' lang='lat' dir='ltr'><strong>sed</strong></span> <span class='ocrx_word' id='word_1_256' title='bbox 924 2943 958 2992; x_wconf 90' lang='lat' dir='ltr'><strong>ut</strong></span> <span class='ocrx_word' id='word_1_257' title='bbox 980 2923 1082 3013; x_wconf 90' lang='lat' dir='ltr'><strong>palam</strong></span> <span class='ocrx_word' id='word_1_258' title='bbox 1111 2948 1185 2991; x_wconf 91' lang='lat' dir='ltr'><strong>cum</strong></span> <span class='ocrx_word' id='word_1_259' title='bbox 1208 2922 1358 2990; x_wconf 90' lang='lat' dir='ltr'><strong>omnibus</strong></span> <span class='ocrx_word' id='word_1_260' title='bbox 1385 2933 1454 2990; x_wconf 86' lang='lat' dir='ltr'><strong>tum</strong></span> <span class='ocrx_word' id='word_1_261' title='bbox 1477 2919 1665 3009; x_wconf 89' lang='lat' dir='ltr'><strong>vobisipsis</strong></span> 
     </span>
     <span class='ocr_line' id='line_1_26' title="bbox 293 3026 1665 3111; baseline -0.002 -15"><span class='ocrx_word' id='word_1_262' title='bbox 293 3030 345 3111; x_wconf 89' lang='lat' dir='ltr'><strong>sit,</strong></span> <span class='ocrx_word' id='word_1_263' title='bbox 367 3028 539 3097; x_wconf 85' lang='lat' dir='ltr'><strong>voluntatis</strong></span> <span class='ocrx_word' id='word_1_264' title='bbox 557 3041 679 3096; x_wconf 87' lang='lat' dir='ltr'><strong>vestrae</strong></span> <span class='ocrx_word' id='word_1_265' title='bbox 703 3053 755 3097; x_wconf 91' lang='lat' dir='ltr'><strong>me</strong></span> <span class='ocrx_word' id='word_1_266' title='bbox 778 3028 1005 3098; x_wconf 88' lang='lat' dir='ltr'><strong>studiosiorem</strong></span> <span class='ocrx_word' id='word_1_267' title='bbox 1028 3042 1082 3098; x_wconf 91' lang='lat' dir='ltr'><strong>aut</strong></span> <span class='ocrx_word' id='word_1_268' title='bbox 1104 3029 1377 3097; x_wconf 88' lang='lat' dir='ltr'><strong>observantiorem</strong></span> <span class='ocrx_word' id='word_1_269' title='bbox 1402 3027 1452 3096; x_wconf 93' lang='lat' dir='ltr'><strong>hic</strong></span> <span class='ocrx_word' id='word_1_270' title='bbox 1468 3049 1527 3096; x_wconf 91' lang='lat' dir='ltr'><strong>vos</strong></span> <span class='ocrx_word' id='word_1_271' title='bbox 1550 3026 1665 3095; x_wconf 89' lang='lat' dir='ltr'><strong>habere</strong></span> 
     </span>
     <span class='ocr_line' id='line_1_27' title="bbox 294 3130 1665 3226; baseline -0.003 -24"><span class='ocrx_word' id='word_1_272' title='bbox 294 3136 468 3217; x_wconf 89' lang='lat' dir='ltr'><strong>neminem,</strong></span> <span class='ocrx_word' id='word_1_273' title='bbox 490 3147 584 3224; x_wconf 87' lang='lat' dir='ltr'><strong>atque</strong></span> <span class='ocrx_word' id='word_1_274' title='bbox 608 3134 710 3203; x_wconf 90' lang='lat' dir='ltr'><strong>obiter</strong></span> <span class='ocrx_word' id='word_1_275' title='bbox 732 3158 765 3202; x_wconf 91' lang='lat' dir='ltr'><strong>re</strong></span> <span class='ocrx_word' id='word_1_276' title='bbox 789 3135 856 3224; x_wconf 89' lang='lat' dir='ltr'><strong>ipsa</strong></span> <span class='ocrx_word' id='word_1_277' title='bbox 878 3136 979 3224; x_wconf 89' lang='lat' dir='ltr'><strong>magis</strong></span> <span class='ocrx_word' id='word_1_278' title='bbox 1003 3160 1096 3226; x_wconf 89' lang='lat' dir='ltr'><strong>quam</strong></span> <span class='ocrx_word' id='word_1_279' title='bbox 1116 3137 1263 3204; x_wconf 86' lang='lat' dir='ltr'><strong>oratione</strong></span> <span class='ocrx_word' id='word_1_280' title='bbox 1284 3133 1445 3224; x_wconf 88' lang='lat' dir='ltr'><strong>repellam,</strong></span> <span class='ocrx_word' id='word_1_281' title='bbox 1468 3156 1548 3223; x_wconf 90' lang='lat' dir='ltr'><strong>quae</strong></span> <span class='ocrx_word' id='word_1_282' title='bbox 1570 3130 1665 3200; x_wconf 89' lang='lat' dir='ltr'><strong>male·</strong></span> 
     </span>
     <span class='ocr_line' id='line_1_28' title="bbox 294 3238 1667 3331; baseline -0.001 -24"><span class='ocrx_word' id='word_1_283' title='bbox 294 3240 358 3307; x_wconf 93' lang='lat' dir='ltr'><strong>voli</strong></span> <span class='ocrx_word' id='word_1_284' title='bbox 381 3239 464 3329; x_wconf 89' lang='lat' dir='ltr'><strong>apud</strong></span> <span class='ocrx_word' id='word_1_285' title='bbox 487 3264 546 3308; x_wconf 92' lang='lat' dir='ltr'><strong>vos</strong></span> <span class='ocrx_word' id='word_1_286' title='bbox 574 3242 681 3330; x_wconf 90' lang='lat' dir='ltr'><strong>inepte</strong></span> <span class='ocrx_word' id='word_1_287' title='bbox 703 3242 805 3329; x_wconf 82' lang='lat' dir='ltr'><strong>tnagis</strong></span> <span class='ocrx_word' id='word_1_288' title='bbox 828 3265 924 3331; x_wconf 88' lang='lat' dir='ltr'><strong>quam</strong></span> <span class='ocrx_word' id='word_1_289' title='bbox 946 3241 1089 3310; x_wconf 90' lang='lat' dir='ltr'><strong>studiose</strong></span> <span class='ocrx_word' id='word_1_290' title='bbox 1112 3241 1152 3310; x_wconf 91' lang='lat' dir='ltr'><strong>de</strong></span> <span class='ocrx_word' id='word_1_291' title='bbox 1175 3265 1228 3309; x_wconf 91' lang='lat' dir='ltr'><strong>me</strong></span> <span class='ocrx_word' id='word_1_292' title='bbox 1256 3238 1483 3330; x_wconf 89' lang='lat' dir='ltr'><strong>praedicarunt.</strong></span> <span class='ocrx_word' id='word_1_293' title='bbox 1530 3240 1626 3307; x_wconf 92' lang='lat' dir='ltr'><strong>Nunc</strong></span> <span class='ocrx_word' id='word_1_294' title='bbox 1648 3261 1667 3305; x_wconf 92' lang='lat' dir='ltr'><strong>a</strong></span> 
     </span>
     <span class='ocr_line' id='line_1_29' title="bbox 293 3344 1665 3438; baseline -0.003 -23"><span class='ocrx_word' id='word_1_295' title='bbox 293 3347 473 3436; x_wconf 89' lang='lat' dir='ltr'><strong>legatorum</strong></span> <span class='ocrx_word' id='word_1_296' title='bbox 496 3345 633 3415; x_wconf 89' lang='lat' dir='ltr'><strong>adve&#39;ntu</strong></span> <span class='ocrx_word' id='word_1_297' title='bbox 656 3349 688 3415; x_wconf 92' lang='lat' dir='ltr'><strong>in</strong></span> <span class='ocrx_word' id='word_1_298' title='bbox 712 3370 804 3415; x_wconf 85' lang='lat' dir='ltr'><strong>causa</strong></span> <span class='ocrx_word' id='word_1_299' title='bbox 826 3346 901 3438; x_wconf 91' lang='lat' dir='ltr'><strong>quid</strong></span> <span class='ocrx_word' id='word_1_300' title='bbox 924 3360 1029 3416; x_wconf 90' lang='lat' dir='ltr'><strong>actum</strong></span> <span class='ocrx_word' id='word_1_301' title='bbox 1053 3349 1103 3432; x_wconf 88' lang='lat' dir='ltr'><strong>sit,</strong></span> <span class='ocrx_word' id='word_1_302' title='bbox 1127 3347 1201 3438; x_wconf 92' lang='lat' dir='ltr'><strong>quid</strong></span> <span class='ocrx_word' id='word_1_303' title='bbox 1224 3359 1334 3436; x_wconf 89' lang='lat' dir='ltr'><strong>agatur</strong></span> <span class='ocrx_word' id='word_1_304' title='bbox 1350 3345 1465 3436; x_wconf 91' lang='lat' dir='ltr'><strong>quidve</strong></span> <span class='ocrx_word' id='word_1_305' title='bbox 1489 3344 1603 3427; x_wconf 89' lang='lat' dir='ltr'><strong>obstet,</strong></span> <span class='ocrx_word' id='word_1_306' title='bbox 1627 3367 1665 3411; x_wconf 85' lang='lat' dir='ltr'><strong>ex</strong></span> 
     </span>
     <span class='ocr_line' id='line_1_30' title="bbox 294 3451 1666 3543; baseline -0.003 -22"><span class='ocrx_word' id='word_1_307' title='bbox 294 3476 408 3522; x_wconf 87' lang='lat' dir='ltr'><strong>eorum</strong></span> <span class='ocrx_word' id='word_1_308' title='bbox 430 3451 540 3521; x_wconf 88' lang='lat' dir='ltr'><strong>litteris</strong></span> <span class='ocrx_word' id='word_1_309' title='bbox 561 3452 606 3521; x_wconf 89' lang='lat' dir='ltr'><strong>lll.</strong></span> <span class='ocrx_word' id='word_1_310' title='bbox 632 3472 663 3521; x_wconf 91' lang='lat' dir='ltr'><strong>et</strong></span> <span class='ocrx_word' id='word_1_311' title='bbox 683 3454 760 3522; x_wconf 90' lang='lat' dir='ltr'><strong>Rev.</strong></span> <span class='ocrx_word' id='word_1_312' title='bbox 777 3454 966 3522; x_wconf 90' lang='lat' dir='ltr'><strong>Dominatio</strong></span> <span class='ocrx_word' id='word_1_313' title='bbox 983 3454 1098 3523; x_wconf 89' lang='lat' dir='ltr'><strong>Vestra</strong></span> <span class='ocrx_word' id='word_1_314' title='bbox 1120 3466 1306 3543; x_wconf 89' lang='lat' dir='ltr'><strong>cognoscet.</strong></span> <span class='ocrx_word' id='word_1_315' title='bbox 1345 3451 1446 3535; x_wconf 90' lang='lat' dir='ltr'><strong>Quod</strong></span> <span class='ocrx_word' id='word_1_316' title='bbox 1470 3452 1495 3519; x_wconf 87' lang='lat' dir='ltr'><strong>si</strong></span> <span class='ocrx_word' id='word_1_317' title='bbox 1517 3474 1569 3519; x_wconf 90' lang='lat' dir='ltr'><strong>res</strong></span> <span class='ocrx_word' id='word_1_318' title='bbox 1592 3473 1666 3517; x_wconf 89' lang='lat' dir='ltr'><strong>nec·</strong></span> 
     </span>
     <span class='ocr_line' id='line_1_31' title="bbox 294 3556 1667 3650; baseline -0.002 -22"><span class='ocrx_word' id='word_1_319' title='bbox 294 3559 372 3629; x_wconf 90' lang='lat' dir='ltr'><strong>dum</strong></span> <span class='ocrx_word' id='word_1_320' title='bbox 395 3558 572 3642; x_wconf 89' lang='lat' dir='ltr'><strong>conficitur,</strong></span> <span class='ocrx_word' id='word_1_321' title='bbox 601 3559 679 3627; x_wconf 91' lang='lat' dir='ltr'><strong>nihil</strong></span> <span class='ocrx_word' id='word_1_322' title='bbox 706 3563 824 3628; x_wconf 89' lang='lat' dir='ltr'><strong>mirum</strong></span> <span class='ocrx_word' id='word_1_323' title='bbox 853 3561 987 3649; x_wconf 90' lang='lat' dir='ltr'><strong>cuipiam</strong></span> <span class='ocrx_word' id='word_1_324' title='bbox 1015 3583 1084 3628; x_wconf 88' lang='lat' dir='ltr'><strong>esse</strong></span> <span class='ocrx_word' id='word_1_325' title='bbox 1109 3559 1217 3643; x_wconf 92' lang='lat' dir='ltr'><strong>debet,</strong></span> <span class='ocrx_word' id='word_1_326' title='bbox 1246 3584 1350 3650; x_wconf 91' lang='lat' dir='ltr'><strong>neque</strong></span> <span class='ocrx_word' id='word_1_327' title='bbox 1378 3559 1466 3627; x_wconf 90' lang='lat' dir='ltr'><strong>enim</strong></span> <span class='ocrx_word' id='word_1_328' title='bbox 1494 3556 1587 3625; x_wconf 89' lang='lat' dir='ltr'><strong>obvia</strong></span> <span class='ocrx_word' id='word_1_329' title='bbox 1613 3567 1667 3625; x_wconf 86' lang='lat' dir='ltr'><strong>aut</strong></span> 
     </span>
     <span class='ocr_line' id='line_1_32' title="bbox 294 3662 1665 3756; baseline -0.001 -24"><span class='ocrx_word' id='word_1_330' title='bbox 294 3666 371 3734; x_wconf 92' lang='lat' dir='ltr'><strong>levis</strong></span> <span class='ocrx_word' id='word_1_331' title='bbox 395 3678 444 3734; x_wconf 89' lang='lat' dir='ltr'><strong>est</strong></span> <span class='ocrx_word' id='word_1_332' title='bbox 458 3667 588 3755; x_wconf 91' lang='lat' dir='ltr'><strong>eiusque</strong></span> <span class='ocrx_word' id='word_1_333' title='bbox 610 3678 750 3749; x_wconf 89' lang='lat' dir='ltr'><strong>naturae,</strong></span> <span class='ocrx_word' id='word_1_334' title='bbox 773 3690 853 3756; x_wconf 89' lang='lat' dir='ltr'><strong>quae</strong></span> <span class='ocrx_word' id='word_1_335' title='bbox 877 3690 944 3735; x_wconf 89' lang='lat' dir='ltr'><strong>non</strong></span> <span class='ocrx_word' id='word_1_336' title='bbox 968 3666 1070 3734; x_wconf 87' lang='lat' dir='ltr'><strong>multo</strong></span> <span class='ocrx_word' id='word_1_337' title='bbox 1087 3668 1224 3735; x_wconf 87' lang='lat' dir='ltr'><strong>maxima</strong></span> <span class='ocrx_word' id='word_1_338' title='bbox 1243 3665 1500 3735; x_wconf 87' lang='lat' dir='ltr'><strong>consideratione</strong></span> <span class='ocrx_word' id='word_1_339' title='bbox 1515 3662 1665 3751; x_wconf 88' lang='lat' dir='ltr'><strong>indigeat.</strong></span> 
     </span>
     <span class='ocr_line' id='line_1_33' title="bbox 294 3768 1665 3861; baseline -0.001 -24"><span class='ocrx_word' id='word_1_340' title='bbox 294 3772 364 3859; x_wconf 88' lang='lat' dir='ltr'><strong>Ego</strong></span> <span class='ocrx_word' id='word_1_341' title='bbox 381 3769 468 3861; x_wconf 93' lang='lat' dir='ltr'><strong>quod</strong></span> <span class='ocrx_word' id='word_1_342' title='bbox 491 3769 530 3838; x_wconf 92' lang='lat' dir='ltr'><strong>ad</strong></span> <span class='ocrx_word' id='word_1_343' title='bbox 545 3795 598 3838; x_wconf 90' lang='lat' dir='ltr'><strong>me</strong></span> <span class='ocrx_word' id='word_1_344' title='bbox 617 3773 738 3854; x_wconf 89' lang='lat' dir='ltr'><strong>attinet,</strong></span> <span class='ocrx_word' id='word_1_345' title='bbox 762 3795 818 3861; x_wconf 93' lang='lat' dir='ltr'><strong>per</strong></span> <span class='ocrx_word' id='word_1_346' title='bbox 832 3770 1026 3841; x_wconf 90' lang='lat' dir='ltr'><strong>incredibilia</strong></span> <span class='ocrx_word' id='word_1_347' title='bbox 1041 3784 1144 3841; x_wconf 87' lang='lat' dir='ltr'><strong>vestra</strong></span> <span class='ocrx_word' id='word_1_348' title='bbox 1166 3796 1240 3861; x_wconf 85' lang='lat' dir='ltr'><strong>erga</strong></span> <span class='ocrx_word' id='word_1_349' title='bbox 1259 3795 1312 3840; x_wconf 83' lang='lat' dir='ltr'><strong>nte</strong></span> <span class='ocrx_word' id='word_1_350' title='bbox 1327 3769 1480 3839; x_wconf 89' lang='lat' dir='ltr'><strong>beneficia</strong></span> <span class='ocrx_word' id='word_1_351' title='bbox 1503 3768 1665 3859; x_wconf 89' lang='lat' dir='ltr'><strong>polliceor,</strong></span> 
     </span>
     <span class='ocr_line' id='line_1_34' title="bbox 295 3874 1666 3967; baseline -0.001 -23"><span class='ocrx_word' id='word_1_352' title='bbox 295 3899 348 3944; x_wconf 89' lang='lat' dir='ltr'><strong>me</strong></span> <span class='ocrx_word' id='word_1_353' title='bbox 376 3875 474 3944; x_wconf 90' lang='lat' dir='ltr'><strong>verbo</strong></span> <span class='ocrx_word' id='word_1_354' title='bbox 506 3899 605 3964; x_wconf 90' lang='lat' dir='ltr'><strong>opere</strong></span> <span class='ocrx_word' id='word_1_355' title='bbox 636 3875 751 3945; x_wconf 85' lang='lat' dir='ltr'><strong>auxilio</strong></span> <span class='ocrx_word' id='word_1_356' title='bbox 784 3876 918 3946; x_wconf 91' lang='lat' dir='ltr'><strong>consilio</strong></span> <span class='ocrx_word' id='word_1_357' title='bbox 950 3879 1048 3965; x_wconf 85' lang='lat' dir='ltr'><strong>gratia</strong></span> <span class='ocrx_word' id='word_1_358' title='bbox 1081 3898 1112 3947; x_wconf 91' lang='lat' dir='ltr'><strong>et</strong></span> <span class='ocrx_word' id='word_1_359' title='bbox 1145 3880 1235 3947; x_wconf 91' lang='lat' dir='ltr'><strong>omni</strong></span> <span class='ocrx_word' id='word_1_360' title='bbox 1267 3877 1403 3967; x_wconf 90' lang='lat' dir='ltr'><strong>denique</strong></span> <span class='ocrx_word' id='word_1_361' title='bbox 1435 3875 1541 3946; x_wconf 89' lang='lat' dir='ltr'><strong>studio</strong></span> <span class='ocrx_word' id='word_1_362' title='bbox 1574 3874 1666 3944; x_wconf 89' lang='lat' dir='ltr'><strong>effec-</strong></span> 
     </span>
     <span class='ocr_line' id='line_1_35' title="bbox 295 3980 1665 4065; baseline -0.001 -15"><span class='ocrx_word' id='word_1_363' title='bbox 295 3995 418 4065; x_wconf 90' lang='lat' dir='ltr'><strong>turum,</strong></span> <span class='ocrx_word' id='word_1_364' title='bbox 442 3993 476 4050; x_wconf 92' lang='lat' dir='ltr'><strong>ut</strong></span> <span class='ocrx_word' id='word_1_365' title='bbox 499 3980 576 4049; x_wconf 91' lang='lat' dir='ltr'><strong>nihil</strong></span> <span class='ocrx_word' id='word_1_366' title='bbox 603 3984 636 4049; x_wconf 92' lang='lat' dir='ltr'><strong>in</strong></span> <span class='ocrx_word' id='word_1_367' title='bbox 660 4005 713 4051; x_wconf 90' lang='lat' dir='ltr'><strong>me</strong></span> <span class='ocrx_word' id='word_1_368' title='bbox 738 3980 932 4052; x_wconf 88' lang='lat' dir='ltr'><strong>desideretis.</strong></span> <span class='ocrx_word' id='word_1_369' title='bbox 964 4033 1665 4052; x_wconf 88' lang='grc'><strong>......................</strong></span> 
     </span>
    </p>
   </div>
   <div class='ocr_carea' id='block_1_3' title="bbox 402 4174 1671 4958">
    <p class='ocr_par' dir='ltr' id='par_1_3' title="bbox 402 4174 1671 4958">
     <span class='ocr_line' id='line_1_36' title="bbox 508 4174 1666 4251; baseline 0 -23"><span class='ocrx_word' id='word_1_370' title='bbox 508 4174 575 4230; x_wconf 92' lang='lat' dir='ltr'><strong>Cod.</strong></span> <span class='ocrx_word' id='word_1_371' title='bbox 589 4175 674 4231; x_wconf 90' lang='lat' dir='ltr'><strong>Vatic.</strong></span> <span class='ocrx_word' id='word_1_372' title='bbox 696 4192 762 4249; x_wconf 82' lang='lat'>392²</span> <span class='ocrx_word' id='word_1_373' title='bbox 786 4177 804 4232; x_wconf 85' lang='lat' dir='ltr'><strong>l.</strong></span> <span class='ocrx_word' id='word_1_374' title='bbox 826 4179 883 4246; x_wconf 82' lang='lat'><strong>308.</strong></span> <span class='ocrx_word' id='word_1_375' title='bbox 920 4178 976 4233; x_wconf 90' lang='lat' dir='ltr'><strong>Der</strong></span> <span class='ocrx_word' id='word_1_376' title='bbox 994 4178 1090 4251; x_wconf 86' lang='lat' dir='ltr'><strong>Kopist</strong></span> <span class='ocrx_word' id='word_1_377' title='bbox 1114 4178 1159 4233; x_wconf 85' lang='lat' dir='ltr'><strong>hat</strong></span> <span class='ocrx_word' id='word_1_378' title='bbox 1182 4178 1242 4234; x_wconf 83' lang='lat' dir='ltr'><strong>hein</strong></span> <span class='ocrx_word' id='word_1_379' title='bbox 1260 4179 1360 4233; x_wconf 88' lang='lat' dir='ltr'><strong>Datum</strong></span> <span class='ocrx_word' id='word_1_380' title='bbox 1383 4176 1535 4249; x_wconf 80' lang='lat' dir='ltr'><strong>beigeliagt‚</strong></span> <span class='ocrx_word' id='word_1_381' title='bbox 1559 4175 1622 4230; x_wconf 86' lang='lat' dir='ltr'><strong>aber</strong></span> <span class='ocrx_word' id='word_1_382' title='bbox 1640 4175 1666 4228; x_wconf 92' lang='lat' dir='ltr'><strong>in</strong></span> 
     </span>
     <span class='ocr_line' id='line_1_37' title="bbox 402 4263 1666 4339; baseline 0 -23"><span class='ocrx_word' id='word_1_383' title='bbox 402 4263 453 4317; x_wconf 87' lang='lat' dir='ltr'><strong>den</strong></span> <span class='ocrx_word' id='word_1_384' title='bbox 473 4263 618 4335; x_wconf 87' lang='lat' dir='ltr'><strong>folgenden</strong></span> <span class='ocrx_word' id='word_1_385' title='bbox 636 4264 813 4321; x_wconf 85' lang='lat' dir='ltr'><strong>Abschnitten</strong></span> <span class='ocrx_word' id='word_1_386' title='bbox 832 4267 879 4320; x_wconf 87' lang='lat' dir='ltr'><strong>des</strong></span> <span class='ocrx_word' id='word_1_387' title='bbox 898 4267 1056 4322; x_wconf 88' lang='lat' dir='ltr'><strong>Schreibens</strong></span> <span class='ocrx_word' id='word_1_388' title='bbox 1075 4268 1149 4339; x_wconf 89' lang='lat' dir='ltr'><strong>giebt</strong></span> <span class='ocrx_word' id='word_1_389' title='bbox 1167 4266 1214 4322; x_wconf 91' lang='lat' dir='ltr'><strong>der</strong></span> <span class='ocrx_word' id='word_1_390' title='bbox 1232 4266 1357 4321; x_wconf 89' lang='lat' dir='ltr'><strong>Kardiual</strong></span> <span class='ocrx_word' id='word_1_391' title='bbox 1376 4284 1400 4321; x_wconf 85' lang='lat' dir='ltr'><strong>u</strong></span> <span class='ocrx_word' id='word_1_392' title='bbox 1420 4283 1443 4320; x_wconf 90' lang='lat' dir='ltr'><strong>a.</strong></span> <span class='ocrx_word' id='word_1_393' title='bbox 1463 4266 1542 4319; x_wconf 88' lang='lat' dir='ltr'><strong>einen</strong></span> <span class='ocrx_word' id='word_1_394' title='bbox 1561 4263 1666 4317; x_wconf 79' lang='lat' dir='ltr'><strong>Rericht</strong></span> 
     </span>
     <span class='ocr_line' id='line_1_38' title="bbox 403 4349 1670 4427; baseline 0.001 -24"><span class='ocrx_word' id='word_1_395' title='bbox 403 4351 467 4404; x_wconf 77' lang='lat' dir='ltr'><strong>saber</strong></span> <span class='ocrx_word' id='word_1_396' title='bbox 485 4349 527 4405; x_wconf 90' lang='lat' dir='ltr'><strong>die</strong></span> <span class='ocrx_word' id='word_1_397' title='bbox 546 4352 790 4425; x_wconf 86' lang='lat' dir='ltr'><strong>Kriegsereignisse</strong></span> <span class='ocrx_word' id='word_1_398' title='bbox 813 4353 839 4408; x_wconf 90' lang='lat' dir='ltr'><strong>in</strong></span> <span class='ocrx_word' id='word_1_399' title='bbox 859 4354 975 4427; x_wconf 87' lang='lat' dir='ltr'><strong>Neapel,</strong></span> <span class='ocrx_word' id='word_1_400' title='bbox 994 4373 1101 4410; x_wconf 86' lang='lat' dir='ltr'><strong>woraus</strong></span> <span class='ocrx_word' id='word_1_401' title='bbox 1120 4357 1176 4410; x_wconf 91' lang='lat' dir='ltr'><strong>sich</strong></span> <span class='ocrx_word' id='word_1_402' title='bbox 1200 4356 1334 4410; x_wconf 86' lang='lat' dir='ltr'><strong>erhennen</strong></span> <span class='ocrx_word' id='word_1_403' title='bbox 1352 4354 1425 4421; x_wconf 74' lang='lat' dir='ltr'><strong>ldsst,</strong></span> <span class='ocrx_word' id='word_1_404' title='bbox 1451 4352 1508 4407; x_wconf 86' lang='lat' dir='ltr'><strong>dass</strong></span> <span class='ocrx_word' id='word_1_405' title='bbox 1531 4351 1578 4406; x_wconf 91' lang='lat' dir='ltr'><strong>der</strong></span> <span class='ocrx_word' id='word_1_406' title='bbox 1596 4349 1670 4405; x_wconf 88' lang='lat' dir='ltr'><strong>Brief</strong></span> 
     </span>
     <span class='ocr_line' id='line_1_39' title="bbox 402 4438 1666 4516; baseline 0.001 -24"><span class='ocrx_word' id='word_1_407' title='bbox 402 4438 477 4493; x_wconf 88' lang='lat' dir='ltr'><strong>Ende</strong></span> <span class='ocrx_word' id='word_1_408' title='bbox 500 4439 574 4510; x_wconf 86' lang='lat' dir='ltr'><strong>April</strong></span> <span class='ocrx_word' id='word_1_409' title='bbox 596 4439 704 4495; x_wconf 82' lang='lat' dir='ltr'><strong>versasst</strong></span> <span class='ocrx_word' id='word_1_410' title='bbox 729 4442 769 4496; x_wconf 89' lang='lat' dir='ltr'><strong>ist.</strong></span> <span class='ocrx_word' id='word_1_411' title='bbox 807 4442 903 4497; x_wconf 85' lang='lat' dir='ltr'><strong>Dieses</strong></span> <span class='ocrx_word' id='word_1_412' title='bbox 927 4443 1027 4497; x_wconf 85' lang='lat' dir='ltr'><strong>Datum</strong></span> <span class='ocrx_word' id='word_1_413' title='bbox 1052 4445 1198 4516; x_wconf 90' lang='lat' dir='ltr'><strong>entspricht</strong></span> <span class='ocrx_word' id='word_1_414' title='bbox 1223 4445 1291 4499; x_wconf 90' lang='lat' dir='ltr'><strong>auch</strong></span> <span class='ocrx_word' id='word_1_415' title='bbox 1315 4443 1378 4499; x_wconf 86' lang='lat' dir='ltr'><strong>dent</strong></span> <span class='ocrx_word' id='word_1_416' title='bbox 1401 4440 1666 4497; x_wconf 79' lang='lat' dir='ltr'><strong>Antwortschreiben</strong></span> 
     </span>
     <span class='ocr_line' id='line_1_40' title="bbox 403 4526 1671 4606; baseline 0.002 -26"><span class='ocrx_word' id='word_1_417' title='bbox 403 4526 530 4600; x_wconf 88' lang='lat' dir='ltr'><strong>Wolseys</strong></span> <span class='ocrx_word' id='word_1_418' title='bbox 548 4545 613 4582; x_wconf 89' lang='lat' dir='ltr'><strong>vom</strong></span> <span class='ocrx_word' id='word_1_419' title='bbox 634 4545 673 4584; x_wconf 91' lang='lat'><strong>11.</strong></span> <span class='ocrx_word' id='word_1_420' title='bbox 692 4529 746 4583; x_wconf 90' lang='lat' dir='ltr'><strong>Mai</strong></span> <span class='ocrx_word' id='word_1_421' title='bbox 768 4532 843 4600; x_wconf 85' lang='lat'><strong>1528.</strong></span> <span class='ocrx_word' id='word_1_422' title='bbox 879 4531 988 4585; x_wconf 85' lang='lat' dir='ltr'><strong>Brewer</strong></span> <span class='ocrx_word' id='word_1_423' title='bbox 1012 4531 1057 4588; x_wconf 93' lang='lat' dir='ltr'><strong>lV.</strong></span> <span class='ocrx_word' id='word_1_424' title='bbox 1077 4550 1103 4587; x_wconf 92' lang='lat' dir='ltr'><strong>n.</strong></span> <span class='ocrx_word' id='word_1_425' title='bbox 1122 4547 1200 4606; x_wconf 83' lang='lat'><strong>4249.</strong></span> <span class='ocrx_word' id='word_1_426' title='bbox 1236 4533 1292 4587; x_wconf 90' lang='lat' dir='ltr'><strong>Das</strong></span> <span class='ocrx_word' id='word_1_427' title='bbox 1311 4532 1456 4587; x_wconf 87' lang='lat' dir='ltr'><strong>Schreiben</strong></span> <span class='ocrx_word' id='word_1_428' title='bbox 1469 4529 1604 4602; x_wconf 88' lang='lat' dir='ltr'><strong>Wolseys‚</strong></span> <span class='ocrx_word' id='word_1_429' title='bbox 1623 4526 1671 4583; x_wconf 84' lang='lat' dir='ltr'><strong>auf</strong></span> 
     </span>
     <span class='ocr_line' id='line_1_41' title="bbox 403 4615 1667 4694; baseline 0.002 -25"><span class='ocrx_word' id='word_1_430' title='bbox 403 4615 521 4670; x_wconf 86' lang='lat' dir='ltr'><strong>welches</strong></span> <span class='ocrx_word' id='word_1_431' title='bbox 546 4617 603 4671; x_wconf 90' lang='lat' dir='ltr'><strong>sich</strong></span> <span class='ocrx_word' id='word_1_432' title='bbox 622 4617 793 4690; x_wconf 87' lang='lat' dir='ltr'><strong>Campeggio</strong></span> <span class='ocrx_word' id='word_1_433' title='bbox 818 4620 948 4692; x_wconf 85' lang='lat' dir='ltr'><strong>eingangs</strong></span> <span class='ocrx_word' id='word_1_434' title='bbox 973 4620 1090 4688; x_wconf 90' lang='lat' dir='ltr'><strong>bezieht,</strong></span> <span class='ocrx_word' id='word_1_435' title='bbox 1114 4621 1148 4675; x_wconf 90' lang='lat' dir='ltr'><strong>ist</strong></span> <span class='ocrx_word' id='word_1_436' title='bbox 1171 4621 1310 4694; x_wconf 81' lang='lat' dir='ltr'><strong>jedensalls</strong></span> <span class='ocrx_word' id='word_1_437' title='bbox 1335 4619 1466 4675; x_wconf 87' lang='lat' dir='ltr'><strong>identisch</strong></span> <span class='ocrx_word' id='word_1_438' title='bbox 1488 4620 1537 4673; x_wconf 89' lang='lat' dir='ltr'><strong>mit</strong></span> <span class='ocrx_word' id='word_1_439' title='bbox 1561 4618 1667 4683; x_wconf 88' lang='lat' dir='ltr'><strong>Burnet,</strong></span> 
     </span>
     <span class='ocr_line' id='line_1_42' title="bbox 403 4703 1667 4782; baseline 0 -24"><span class='ocrx_word' id='word_1_440' title='bbox 403 4704 473 4759; x_wconf 89' lang='lat' dir='ltr'><strong>Coll.</strong></span> <span class='ocrx_word' id='word_1_441' title='bbox 497 4703 529 4760; x_wconf 89' lang='lat' dir='ltr'><strong>ll.</strong></span> <span class='ocrx_word' id='word_1_442' title='bbox 548 4723 574 4758; x_wconf 93' lang='lat' dir='ltr'><strong>n.</strong></span> <span class='ocrx_word' id='word_1_443' title='bbox 598 4721 636 4775; x_wconf 87' lang='lat'><strong>13,</strong></span> <span class='ocrx_word' id='word_1_444' title='bbox 655 4705 774 4761; x_wconf 85' lang='lat' dir='ltr'><strong>welches</strong></span> <span class='ocrx_word' id='word_1_445' title='bbox 797 4708 860 4762; x_wconf 89' lang='lat' dir='ltr'><strong>aber</strong></span> <span class='ocrx_word' id='word_1_446' title='bbox 882 4707 926 4761; x_wconf 90' lang='lat' dir='ltr'><strong>bei</strong></span> <span class='ocrx_word' id='word_1_447' title='bbox 944 4708 1053 4763; x_wconf 83' lang='lat' dir='ltr'><strong>Brewer</strong></span> <span class='ocrx_word' id='word_1_448' title='bbox 1075 4709 1120 4764; x_wconf 90' lang='lat' dir='ltr'><strong>IV.</strong></span> <span class='ocrx_word' id='word_1_449' title='bbox 1139 4727 1166 4765; x_wconf 89' lang='lat' dir='ltr'><strong>n.</strong></span> <span class='ocrx_word' id='word_1_450' title='bbox 1188 4725 1250 4782; x_wconf 81' lang='lat'>392¹</span> <span class='ocrx_word' id='word_1_451' title='bbox 1272 4710 1399 4781; x_wconf 85' lang='lat' dir='ltr'><strong>richtiger</strong></span> <span class='ocrx_word' id='word_1_452' title='bbox 1421 4707 1515 4764; x_wconf 88' lang='lat' dir='ltr'><strong>datiert</strong></span> <span class='ocrx_word' id='word_1_453' title='bbox 1537 4706 1580 4762; x_wconf 88' lang='lat' dir='ltr'><strong>ist.</strong></span> <span class='ocrx_word' id='word_1_454' title='bbox 1615 4704 1667 4759; x_wconf 88' lang='lat' dir='ltr'><strong>Die</strong></span> 
     </span>
     <span class='ocr_line' id='line_1_43' title="bbox 402 4791 1667 4872; baseline 0.001 -27"><span class='ocrx_word' id='word_1_455' title='bbox 402 4791 658 4865; x_wconf 76' lang='lat' dir='ltr'><strong>Verdachtigungen</strong></span> <span class='ocrx_word' id='word_1_456' title='bbox 676 4811 766 4866; x_wconf 85' lang='lat' dir='ltr'><strong>gegen</strong></span> <span class='ocrx_word' id='word_1_457' title='bbox 785 4795 964 4868; x_wconf 86' lang='lat' dir='ltr'><strong>Campeggio,</strong></span> <span class='ocrx_word' id='word_1_458' title='bbox 983 4814 1037 4851; x_wconf 90' lang='lat' dir='ltr'><strong>von</strong></span> <span class='ocrx_word' id='word_1_459' title='bbox 1055 4797 1143 4853; x_wconf 88' lang='lat' dir='ltr'><strong>denen</strong></span> <span class='ocrx_word' id='word_1_460' title='bbox 1157 4798 1271 4872; x_wconf 87' lang='lat' dir='ltr'><strong>Wolsey</strong></span> <span class='ocrx_word' id='word_1_461' title='bbox 1289 4798 1350 4852; x_wconf 90' lang='lat' dir='ltr'><strong>dort</strong></span> <span class='ocrx_word' id='word_1_462' title='bbox 1368 4797 1475 4870; x_wconf 87' lang='lat' dir='ltr'><strong>spticht,</strong></span> <span class='ocrx_word' id='word_1_463' title='bbox 1494 4795 1584 4850; x_wconf 62' lang='lat' dir='ltr'><strong>haben,</strong></span> <span class='ocrx_word' id='word_1_464' title='bbox 1600 4792 1667 4848; x_wconf 87' lang='lat' dir='ltr'><strong>auch</strong></span> 
     </span>
     <span class='ocr_line' id='line_1_44' title="bbox 404 4881 1495 4958; baseline 0.004 -24"><span class='ocrx_word' id='word_1_465' title='bbox 404 4881 446 4935; x_wconf 87' lang='lat' dir='ltr'><strong>die</strong></span> <span class='ocrx_word' id='word_1_466' title='bbox 464 4881 609 4936; x_wconf 85' lang='lat' dir='ltr'><strong>Schreiben</strong></span> <span class='ocrx_word' id='word_1_467' title='bbox 628 4881 675 4938; x_wconf 90' lang='lat' dir='ltr'><strong>des</strong></span> <span class='ocrx_word' id='word_1_468' title='bbox 694 4883 805 4955; x_wconf 88' lang='lat' dir='ltr'><strong>Papstes</strong></span> <span class='ocrx_word' id='word_1_469' title='bbox 824 4885 850 4938; x_wconf 89' lang='lat' dir='ltr'><strong>in</strong></span> <span class='ocrx_word' id='word_1_470' title='bbox 869 4883 956 4939; x_wconf 87' lang='lat' dir='ltr'><strong>dieser</strong></span> <span class='ocrx_word' id='word_1_471' title='bbox 974 4885 1060 4940; x_wconf 86' lang='lat' dir='ltr'><strong>Sache</strong></span> <span class='ocrx_word' id='word_1_472' title='bbox 1078 4886 1136 4958; x_wconf 71' lang='grc' dir='ltr'><strong>(Νι.</strong></span> <span class='ocrx_word' id='word_1_473' title='bbox 1158 4886 1190 4941; x_wconf 86' lang='lat'><strong>16</strong></span> <span class='ocrx_word' id='word_1_474' title='bbox 1208 4886 1262 4942; x_wconf 92' lang='lat' dir='ltr'><strong>und</strong></span> <span class='ocrx_word' id='word_1_475' title='bbox 1283 4889 1326 4958; x_wconf 87' lang='lat'><strong>17)</strong></span> <span class='ocrx_word' id='word_1_476' title='bbox 1345 4883 1495 4941; x_wconf 81' lang='lat' dir='ltr'><strong>veranlasst.</strong></span> 
     </span>
    </p>
   </div>
   <div class='ocr_carea' id='block_1_4' title="bbox 0 0 1928 5592">
    <p class='ocr_par' dir='ltr' id='par_1_4' title="bbox 0 0 1928 5592">
     <span class='ocr_line' id='line_1_45' title="bbox 0 0 1928 5592; baseline 0 0"><span class='ocrx_word' id='word_1_477' title='bbox 0 0 1928 5592; x_wconf 95' lang='lat' dir='ltr'><strong> </strong></span> 
     </span>
    </p>
   </div>
  </div>
 </body>
</html>
