3842 5580
186 332 191 341 ’
252 334 375 403 Anhang.
1562 319 1623 382 261

252 517 289 561 va
312 495 345 560 in
368 505 477 582 questa
501 516 593 574 cosa,
626 496 755 559 etauio
779 492 832 580 piri
856 515 874 558 a
896 491 1063 580 proposito
1087 489 1118 558 di
1142 490 1204 558 Sua
1227 490 1347 557 Samira
1369 503 1400 558 et
1422 493 1487 578 pud
1516 490 1624 581 meglo

251 598 432 668 deliberarsi
457 612 487 667 et
511 621 669 666 conoscer
692 599 712 665 il
736 600 851 687 partito
875 598 934 667 che
957 600 1002 664 sia
1026 621 1042 664 a
1066 598 1233 685 proposito
1257 621 1326 664 suo,

361 728 409 793 14.
434 704 613 773 Dezember
641 706 733 790 1528.

462 848 491 902 L.
512 865 533 902 c.
558 865 583 918 p.
605 847 662 917 356.
699 847 750 901 Die
774 847 870 901 beiden
894 846 1050 918 englischen
1068 845 1235 911 Gesaudteu‚
1261 844 1303 899 die
1326 847 1363 899 im
1387 845 1536 900 Dezembcr
1559 848 1624 913 1528

356 938 407 993 den
427 937 626 993 franzosisclren
639 935 697 990 Hos
713 937 867 1008 passierteu,
887 935 945 990 siud
964 935 1070 989 Francis
1089 935 1167 988 Briau
1186 934 1239 988 und
1257 935 1286 988 P.
1300 934 1408 988 Vanues
1427 934 1558 1002 (Brewer,
1577 934 1623 989 IV.

356 1045 381 1081 n.
400 1028 474 1095 5008,
491 1027 579 1095 5013),
598 1024 686 1079 denen
704 1024 765 1079 lrurz
784 1024 879 1079 darauf
894 1024 1023 1079 Wilhelm
1042 1024 1144 1078 Bennet
1164 1023 1217 1078 und
1236 1024 1282 1078 Dr.
1303 1023 1412 1094 Knight,
1432 1031 1516 1077 etwas
1535 1028 1624 1094 spater

356 1115 402 1169 Dr.
422 1114 551 1170 Gardiner
570 1112 753 1185 nachfolgten.
790 1103 863 1168 Uber
882 1113 924 1167 die
946 1113 1058 1167 Zweelre
1081 1112 1167 1166 dieser
1186 1111 1335 1166 vielsachen
1354 1111 1517 1183 Sendungen
1540 1129 1561 1166 s.
1581 1111 1623 1165 die

355 1204 499 1258 Schreiben
519 1202 703 1274 Campeggios
723 1220 786 1256 vom
803 1219 825 1272 3.
844 1202 920 1274 April
941 1217 1016 1272 1529,
1036 1202 1106 1256 oben
1125 1201 1151 1256 S.
1170 1215 1211 1270 74,
1231 1201 1320 1267 Anm,
1345 1200 1398 1256 und
1417 1218 1481 1254 vom
1501 1215 1541 1255 ao.
1560 1200 1622 1268 Mai,

356 1293 425 1346 oben
445 1292 492 1346 Nr.
511 1306 545 1357 42
564 1292 613 1345 ruit
632 1291 683 1345 den
702 1291 908 1363 Bemerkungeo
926 1309 970 1345 am
989 1290 1071 1345 Ende.

881 1487 991 1570 XVI.

524 1648 574 1713 An
598 1645 742 1731 jacobo
767 1645 933 1713 Salviati.
980 1648 1088 1732 4-6.
1112 1646 1227 1730 Januar
1255 1665 1347 1730 1529.

356 1787 471 1860 Arrkunft
495 1789 633 1842 Francesco
654 1788 812 1860 Campanas,
836 1787 996 1858 Vorstellung
1018 1788 1140 1841 desselben
1164 1788 1202 1839 bei
1220 1787 1307 1856 Franz
1326 1787 1354 1851 l,
1378 1776 1557 1859 dusserungea
1580 1788 1622 1841 des

249 1877 365 1945 lelztereu
390 1878 449 1931 tiber·
467 1878 509 1930 die
527 1877 668 1949 anglischeu
688 1877 810 1948 Bischdfe,
833 1877 925 1930 erlehe
942 1876 985 1929 die
1004 1876 1082 1930 Sache
1099 1876 1145 1928 dri·
1165 1875 1280 1945 Kduigin
1302 1882 1441 1940 vertratm,
1465 1875 1622 1945 Misslrarren

247 1983 329 2035 gagen
343 1966 451 2037 Wolseys
465 1967 672 2038 Aufrichtiglrrit.
705 1966 776 2019 Zwei
793 1967 895 2018 weltere
913 1964 1182 2037 mglischeGesandte.
1217 1963 1484 2036 AbreiseCampanas.
1516 1964 1623 2034 Zwrtfel

249 2071 283 2106 an
301 2055 347 2106 der
370 2053 613 2126 Unqugdnglichkrit
633 2054 803 2126 Campeggios
813 2055 865 2124 sair
883 2054 1025 2125 kinigliche
1046 2053 1312 2124 Gurutlrereugungen.

354 2196 515 2263 Presentai
539 2194 566 2263 al
591 2196 841 2263 Cristianissimo
865 2218 908 2262 m.
933 2195 1109 2262 Francesco
1133 2192 1171 2262 da
1188 2192 1290 2276 Colle,
1314 2193 1440 2283 iiquale
1464 2192 1484 2260 li
1501 2217 1620 2282 expose

248 2301 467 2389 gentilmente,
492 2315 611 2391 quanto
636 2302 754 2369 haveva
776 2302 808 2367 in
833 2301 1063 2368 commissione
1094 2313 1125 2367 et
1147 2299 1175 2366 la
1200 2323 1290 2367 causa
1326 2299 1397 2367 dell'
1425 2298 1538 2368 andata
1565 2323 1621 2366 sua

249 2408 280 2473 in
304 2406 500 2496 Inghilterra‚
524 2406 554 2476 di
579 2409 637 2476 che
661 2406 761 2476 hebbe
785 2409 961 2496 gratissima
985 2420 1016 2475 et
1038 2405 1223 2474 anrorevole
1247 2408 1390 2495 risposta.
1437 2406 1534 2495 Dipoi
1558 2406 1620 2473 Sua

248 2515 369 2583 Maesta
397 2518 489 2583 entrd
518 2517 549 2581 in
574 2516 817 2603 ragionamento
848 2512 927 2582 della
957 2537 1048 2581 causa
1077 2512 1310 2581 matrimoniale
1338 2512 1369 2580 di
1397 2512 1470 2603 quel
1493 2513 1618 2581 Sermo.

249 2645 282 2688 re
306 2620 508 2703 mostrand0,
539 2634 658 2710 quanto
689 2620 808 2688 haveva
831 2621 962 2709 ragione
991 2634 1022 2689 et
1049 2621 1075 2687 si
1106 2643 1241 2687 moveva
1270 2618 1558 2702 iustificatamente,
1588 2634 1619 2688 et

249 2729 340 2795 entrci
365 2727 513 2817 alquanto
539 2729 590 2795 ne'
614 2729 719 2795 meriti
742 2726 821 2795 della
845 2750 951 2808 causa,
980 2724 1116 2793 dicendo
1140 2724 1378 2814 maravigliarsi,
1406 2726 1465 2794 che
1493 2738 1619 2816 quattro

248 2830 356 2920 prelati
372 2832 422 2901 de'
438 2835 532 2922 primi
549 2832 778 2922 d'Iughilterra,
795 2831 844 2901 de’
861 2833 944 2923 quali
960 2834 1096 2900 nomini>
1112 2832 1327 2900 Bathoniense
1344 2846 1374 2900 et
1389 2831 1616 2916 Londiniense,

248 2939 416 3007 havessino
440 2938 628 3029 consigliato
658 2953 690 3008 et
716 2954 826 3009 tenuta
849 2941 1003 3028 opinione
1026 2940 1058 3006 in
1089 2938 1197 3007 favore
1229 2938 1308 3007 della
1339 2940 1463 3027 regina,
1493 2937 1616 3007 bench'e

247 3043 437 3114 l'havessino
465 3045 558 3128 fatto,
586 3047 703 3135 perche
732 3045 753 3113 il
782 3069 816 3113 re
844 3046 942 3113 havea
965 3044 1040 3113 dato
1068 3044 1193 3113 licentia
1215 3069 1233 3112 a
1257 3046 1420 3128 ciascun0,
1449 3046 1508 3114 che
1540 3058 1616 3113 con-

247 3150 386 3239 sigliasse
410 3152 515 3242 quello
540 3151 718 3220 intendeva.
765 3152 862 3240 Dipoi
887 3151 970 3220 disse
993 3175 1011 3218 a
1034 3175 1086 3219 me
1110 3176 1127 3218 a
1150 3151 1337 3220 l'orecchio:
1362 3151 1382 3218 il
1402 3176 1437 3220 re
1453 3153 1492 3220 ha
1508 3153 1615 3236 dubi0‚

248 3257 320 3324 ch’il
350 3256 505 3325 cardinale
536 3256 735 3326 Eboracense
763 3260 788 3325 si
817 3281 968 3347 oppouga
1002 3282 1018 3325 a
1049 3271 1157 3347 questa
1186 3257 1394 3327 dissolutione
1428 3257 1478 3327 del
1511 3261 1616 3327 matri-

247 3365 371 3447 monio,
397 3376 428 3432 et
451 3366 482 3431 io
506 3363 550 3430 ho
566 3387 644 3452 gran
668 3363 776 3447 dubi0‚
801 3364 907 3433 chedi
932 3368 992 3454 qua
1016 3388 1082 3432 uon
1099 3388 1192 3433 nasca
1215 3363 1242 3431 la
1259 3366 1348 3432 ruina
1371 3389 1436 3448 sua,
1461 3384 1492 3433 et
1508 3363 1615 3447 ered0,

247 3470 305 3539 che
330 3475 347 3537 e
371 3468 469 3560 (egli)
498 3471 524 3536 si
547 3482 643 3560 penta
666 3469 785 3538 d'esser
808 3484 890 3539 stato
914 3473 1083 3539 inventore
1113 3471 1144 3538 di
1168 3490 1277 3562 questa
1301 3494 1374 3538 cosa
1403 3491 1434 3539 et
1458 3470 1616 3540 d'haverla

247 3601 350 3646 messa
366 3589 455 3645 tanto
473 3577 587 3659 avanti,
612 3599 677 3644 non
698 3575 726 3644 la
741 3576 884 3666 potendo
908 3578 1028 3645 ritirare
1048 3618 1100 3659 —‚
1124 3576 1231 3666 parole
1252 3595 1340 3644 certo
1357 3576 1459 3665 degne
1476 3576 1507 3645 di
1524 3601 1615 3666 gran·

246 3682 374 3752 dissima
398 3681 663 3765 consideratione,
687 3683 829 3751 usceudo
848 3682 879 3751 di
902 3683 945 3752 tal
967 3685 1119 3774 principe.

352 3790 419 3870 Qui
438 3811 521 3856 sono
544 3789 668 3857 arrivati
693 3788 745 3857 dui
769 3788 889 3858 dottori
912 3790 1044 3878 Iuglesi,
1072 3787 1093 3857 li
1116 3790 1199 3880 quali
1222 3813 1375 3878 vengono
1404 3789 1614 3860 imbasciatori

245 3921 262 3964 a
286 3897 328 3963 N.
352 3896 487 3984 Signore
510 3917 567 3983 per
590 3906 699 3984 questa
723 3919 814 3963 causa
836 3896 1079 3964 matrimoniale.

351 4002 396 4068 M.
421 4001 596 4068 Francesco
620 3999 658 4067 da
683 4000 774 4068 Colle
798 4002 824 4069 si
848 4004 866 4069 e
889 4004 1004 4090 partito
1028 4015 1142 4090 questo
1165 4003 1282 4090 giorno
1305 4026 1361 4091 per
1384 4004 1503 4092 Parigi,
1532 4004 1614 4072 dove

245 4106 265 4174 li
289 4108 333 4175 ho
357 4129 552 4189 commemo,
576 4107 635 4174 che
652 4107 792 4196 raguagli
808 4107 918 4196 d’ogni
942 4131 1017 4176 cosa
1033 4108 1054 4175 il
1070 4121 1166 4176 conte
1182 4107 1213 4176 di
1230 4109 1324 4197 Carpi
1341 4122 1372 4176 et
1391 4108 1479 4191 faeci,
1495 4122 1614 4198 quanto

244 4215 306 4281 Sua
325 4213 471 4302 Signoria
494 4212 514 4279 li
534 4212 703 4296 ricorderd,
728 4227 759 4282 et
775 4215 807 4280 io
824 4214 844 4281 li
860 4214 903 4281 ho
920 4213 1020 4296 detto,
1044 4213 1103 4282 che
1119 4214 1189 4282 vadi
1206 4239 1267 4282 con
1284 4239 1346 4282 una
1362 4239 1440 4304 gran
1457 4214 1615 4283 destrezza

244 4322 277 4387 in
301 4320 426 4406 eseguir
448 4317 476 4385 la
500 4321 740 4402 commissione,
765 4320 824 4387 che
846 4320 888 4388 N.
908 4320 1045 4408 Signore
1068 4320 1088 4388 li
1113 4320 1151 4388 ha
1168 4319 1249 4403 data,
1271 4322 1389 4410 perche
1409 4322 1452 4390 ho
1477 4347 1518 4390 un
1535 4346 1614 4411 gran

245 4425 352 4508 dubio,
376 4426 435 4493 che
459 4424 479 4491 il
504 4426 598 4493 Rmo.
624 4426 823 4515 Campeggio
848 4450 914 4494 non
938 4429 1029 4515 pensi
1052 4429 1106 4515 piu
1128 4426 1156 4494 al
1180 4427 1255 4495 utile
1279 4440 1311 4496 et
1333 4428 1415 4495 uscir
1446 4426 1527 4497 dila
1552 4453 1614 4497 con

244 4532 272 4599 la
294 4533 393 4620 gratia
416 4529 447 4599 di
471 4529 543 4620 quel
573 4555 624 4614 re,
654 4532 712 4599 che
741 4532 769 4600 al
793 4534 921 4601 servitio
951 4532 983 4600 di
1010 4533 1073 4601 Sua
1094 4533 1309 4617 Beatitudiue‚
1338 4553 1369 4602 et
1398 4533 1477 4604 della
1506 4535 1615 4605 mede-

244 4640 323 4706 sima
346 4638 500 4727 opinione
525 4641 542 4704 ὲ
565 4636 585 4703 il
610 4650 705 4706 conte
729 4637 760 4707 di
784 4639 894 4727 Carpi,
923 4652 955 4707 et
978 4663 1018 4706 ne
1042 4639 1209 4707 habbiamo
1233 4642 1316 4708 visto
1340 4640 1471 4729 qualche
1494 4665 1614 4731 segn03

244 4769 301 4834 pur
325 4768 369 4811 m.
385 4745 560 4811 Francesco
585 4746 630 4810 mi
652 4768 707 4833 par
730 4768 867 4834 persona
889 4750 915 4812 si
931 4744 1045 4826 desua,
1069 4746 1128 4814 che
1152 4770 1214 4814 con
1234 4749 1336 4836 questi
1352 4747 1467 4815 ricordi
1483 4749 1509 4815 si
1524 4753 1614 4837 saprt

242 4851 305 4920 ben
327 4872 514 4940 govemare.

348 4959 457 5044 4.—6.
480 4957 596 5042 januar
622 4976 715 5043 1529.
