3842 5592
292 319 333 381 62
1412 326 1568 384 November
1589 328 1663 397 1528.

283 491 336 561 sair
353 491 413 556 sich,
431 510 459 544 er
477 490 572 544 rnechte
589 489 669 544 daher
686 508 745 544 nom
766 489 854 562 Papste
870 491 1026 561 garneinscm
1049 492 1095 543 mit
1117 489 1273 561 Campeggio
1291 489 1357 558 doru
1378 488 1583 559 bevollmcchttgr
1601 492 1662 542 sein.

292 579 416 632 Heinrich
433 579 503 632 Vm.
522 579 635 632 wrinscht
653 581 708 632 eine
719 579 826 649 serum
838 578 961 651 Dispense
970 579 1022 650 seir
1040 579 1088 631 den
1101 577 1169 643 Fan,
1187 579 1247 647 dass
1263 578 1315 630 rich
1332 578 1374 630 die
1386 578 1503 650 Khnigin
1518 577 1663 631 Katharina

291 685 347 737 (um
367 667 574 737 Klostcrgehthde
596 667 757 737 entschliefse.
792 667 890 738 Wolsey
908 668 962 727 arrd
984 667 1031 721 das
1048 667 1147 720 Bistam
1163 666 1325 720 Wincbester.
1363 665 1511 737 Engliscber
1528 665 1664 737 Vorrchlag

292 757 362 808 einer
380 756 547 825 allgemeinen
564 755 735 825 Waffenruhe,
757 756 800 809 die
817 756 864 808 der
882 755 957 828 Papst
975 756 1014 808 bei
1031 755 1079 808 den
1098 753 1205 808 Farsten
1229 773 1341 824 anregen
1360 760 1442 826 infige,
1464 755 1547 809 demit
1570 756 1596 806 in
1615 755 1663 807 den

290 844 463 896 camoenam
482 843 814 913 Friedenrverhandlungcn
833 844 904 897 heina
924 843 1037 913 Storung
1055 845 1168 897 eintrrte.

397 999 568 1087 Magnifice
593 1014 624 1069 et
644 1001 771 1069 illustris
786 1002 930 1068 Domine
953 1020 1114 1090 tamquam
1130 1020 1219 1090 pater
1234 1000 1433 1069 honorande.
1472 1002 1535 1068 Pur
1550 1013 1664 1090 questo

291 1108 387 1175 Rmo,
418 1118 451 1174 et
477 1106 581 1174 Illmo.
610 1106 785 1175 erisoluto
809 1106 839 1174 di
864 1109 1020 1196 spacciare
1043 1119 1158 1196 questo
1183 1109 1336 1190 corriere,
1364 1106 1385 1173 il
1408 1106 1498 1195 quale
1522 1106 1664 1174 secondo

291 1213 336 1279 mi
360 1212 467 1280 hanno
491 1214 648 1297 intimate,
671 1216 784 1303 partirh
808 1212 949 1295 domani,
974 1225 1005 1281 et
1029 1213 1127 1302 hoggi
1151 1214 1190 1281 ha
1205 1212 1356 1281 mandato
1380 1236 1436 1302 per
1459 1212 1480 1280 il
1496 1214 1665 1281 secretario

291 1320 358 1386 mio
390 1332 421 1387 et
448 1319 491 1407 gli
521 1318 560 1386 ha
588 1339 712 1387 mostro
740 1343 803 1387 una
825 1319 934 1387 lettera
963 1318 1014 1387 dei
1037 1319 1286 1388 Cristia'nissimo
1316 1319 1347 1387 di
1370 1320 1435 1387 XX
1464 1319 1625 1388 d'ottobre
1648 1344 1666 1387 a

291 1427 437 1514 Monsgr.
462 1424 493 1493 di
516 1427 634 1493 Baiona
654 1428 707 1515 qui
730 1449 790 1493 suo
814 1438 957 1508 oratore,
986 1448 1041 1514 per
1064 1425 1093 1493 la
1115 1425 1206 1515 quale
1233 1425 1508 1494 manifestamente
1536 1427 1562 1493 si
1586 1425 1665 1494 vede

293 1532 455 1615 »l'offici0‚
480 1532 560 1600 che’l
577 1534 672 1602 Rmo.
689 1532 889 1600 Eboracense
912 1533 946 1599 in
969 1555 1068 1600 nome
1093 1531 1143 1600 del
1166 1555 1225 1599 suo
1249 1555 1283 1599 re
1307 1532 1345 1599 ha
1368 1531 1447 1601 fatto
1472 1532 1522 1599 col
1539 1533 1667 1599 Cristia-

291 1641 425 1706 nissimo
449 1640 530 1707 circa
553 1639 582 1706 le
605 1662 681 1707 cose
704 1638 734 1706 di
750 1639 903 1708 Ravenna
926 1658 957 1706 et
974 1639 1120 1720 Cervia«,
1144 1637 1312 1706 scrivendo
1336 1638 1395 1706 che
1420 1637 1666 1706 »l’oratoreVe-

292 1764 380 1827 net0,
404 1747 474 1813 ch'e
497 1736 647 1835 appresso
672 1744 781 1813 diSua
796 1746 928 1829 Maesta,
952 1745 992 1814 ha
1014 1744 1093 1813 fatto
1114 1743 1256 1827 l'officio,
1281 1744 1359 1812 che«
1385 1767 1452 1811 non
1477 1743 1583 1812 dubita
1607 1744 1665 1811 che

293 1853 483 1920 »Venetiani
513 1865 621 1941 presto
652 1876 720 1920 non
750 1854 776 1920 si
803 1852 988 1920 risolvano«
1019 1863 1143 1919 atutto
1174 1851 1278 1941 quello
1310 1851 1368 1918 che
1393 1854 1410 1918 e
1436 1849 1666 1938 »ragionevole

291 1980 385 2045 sopra
408 1957 540 2042 dicio«,
565 1978 595 2026 et
618 1960 672 2047 pid
695 1958 726 2025 di
743 1970 857 2047 questo
880 1981 994 2026 ancora
1020 1958 1058 2025 ha
1083 1956 1157 2027 dato
1180 1957 1366 2046 particolare
1389 1958 1492 2024 carico
1519 1956 1566 2024 nal
1585 1956 1665 2045 bagli

292 2063 322 2131 di
339 2064 487 2146 Rohano,
511 2064 580 2153 qual
598 2064 629 2132 S.
646 2064 691 2131 M.
716 2063 831 2132 manda
854 2065 912 2131 alla
934 2063 1132 2133 Beatitudine
1149 2063 1243 2147 Sua«,
1267 2064 1325 2131 che
1349 2063 1380 2131 di
1404 2075 1512 2152 questa
1537 2065 1666 2132 materia

297 2169 391 2257 »parli
422 2182 453 2237 et
481 2168 577 2238 faccia
608 2168 876 2258 gagliardamente
907 2194 969 2238 con
998 2169 1026 2238 la
1050 2170 1197 2258 Signoria
1226 2182 1258 2238 et
1285 2193 1347 2236 con
1376 2169 1442 2238 altri
1472 2171 1544 2237 tutti
1572 2168 1666 2258 quelli

292 2273 400 2358 officii,
425 2276 483 2344 che
502 2299 637 2344 saranno
665 2278 864 2360 necessarii«,
889 2288 921 2344 et
936 2290 1049 2365 questo
1072 2299 1129 2365 per
1155 2299 1333 2344 accrescere
1357 2275 1509 2343 labuona
1526 2275 1665 2358 volunta,

292 2381 351 2450 che
377 2408 393 2446 n
402 2382 433 2450 S.
457 2383 502 2450 M.
528 2382 566 2450 ha
595 2402 625 2450 et
655 2386 672 2449 e
696 2405 752 2471 per
780 2383 895 2451 havere
918 2406 1012 2450 verso
1041 2381 1072 2450 di
1100 2383 1162 2450 Sua
1191 2382 1348 2465 Samira«,
1377 2381 1448 2450 dell'
1472 2382 1608 2449 amicitia
1635 2393 1667 2449 et

291 2486 505 2556 benevolenza
531 2487 619 2557 »dela
634 2489 725 2579 quale
749 2489 852 2558 molto
875 2501 1110 2572 reconem«,
1134 2513 1228 2557 senza
1251 2488 1310 2556 che
1327 2488 1418 2557 habbi
1441 2487 1550 2577 obligo
1574 2510 1666 2554 one-

293 2597 404 2662 cessith
427 2593 459 2661 di
485 2596 606 2662 »uscire
629 2595 660 2663 di
684 2595 880 2664 neutralith«.
926 2596 965 2664 Et
988 2595 1104 2684 perche
1127 2596 1190 2662 Sua
1212 2595 1360 2682 Signoria
1383 2596 1474 2663 Rma.
1504 2617 1571 2661 non
1594 2593 1666 2661 solo

293 2700 332 2767 ha
355 2713 479 2769 mostro
507 2724 601 2768 come
626 2700 668 2768 ho
693 2701 782 2769 detto
806 2700 892 2769 dette
922 2700 1032 2769 lettere
1056 2701 1085 2768 al
1107 2703 1173 2768 mio
1198 2702 1377 2783 secretario,
1409 2723 1460 2766 ma
1484 2722 1540 2788 per
1563 2699 1582 2764 il
1606 2722 1666 2766 suo

292 2830 345 2874 me
369 2806 430 2873 l’ha
458 2806 605 2875 mandate
633 2807 742 2875 sl-che
770 2809 802 2874 io
826 2808 892 2875 l'ho
915 2808 995 2876 viste
1024 2819 1056 2875 et
1078 2807 1168 2890 lette,
1197 2808 1274 2895 perd
1300 2806 1331 2873 di
1354 2826 1468 2895 questo
1500 2828 1598 2894 posso
1621 2804 1666 2872 far

291 2924 381 2981 tanto
405 2915 553 3002 maggior
576 2912 657 2981 sede.
703 2913 811 2981 Scrive
834 2936 961 2995 ancora,
985 2913 1044 2981 che
1070 2914 1121 2981 nS.
1138 2914 1195 2996 M„
1218 2911 1367 2980 vedendo
1391 2912 1453 2979 Sua
1469 2910 1666 2979 Beatitudine

292 3037 381 3085 tanto
398 3017 580 3086 desiderosa
600 3017 680 3086 della
695 3042 773 3107 pace
792 3018 978 3102 universale,
1002 3043 1058 3109 per
1073 3032 1192 3108 quanto
1205 3020 1323 3087 Vostra
1339 3018 1486 3106 Signoria
1509 3041 1550 3086 ne
1565 3018 1665 3085 scrive

292 3125 320 3192 al
343 3125 438 3193 Rm0.
463 3149 522 3193 suo
551 3124 695 3213 figliuolo
705 3131 726 3207 ¹,
756 3137 787 3193 et
814 3148 870 3213 per
898 3124 927 3192 la
950 3138 1066 3194 venuta
1094 3124 1145 3193 del
1167 3126 1264 3195 Rmo,
1289 3124 1477 3207 Generale²,
1506 3123 1583 3191 che«
1610 3146 1665 3212 per

292 3254 360 3298 non
383 3230 515 3319 perdere
541 3242 644 3298 »tanta
662 3232 842 3314 occasione,
866 3235 907 3298 ne
931 3233 976 3298 sia
999 3232 1061 3298 mai
1085 3231 1296 3321 imputatogli,
1320 3232 1379 3299 che
1403 3229 1515 3319 periei
1537 3252 1605 3296 non
1621 3229 1666 3295 sia

292 3360 447 3419 successa,
475 3337 590 3404 manda
618 3336 649 3404 di
677 3350 824 3426 presente
852 3337 881 3405 el
911 3337 992 3426 bagli
1024 3337 1170 3426 predetto
1201 3337 1232 3405 di
1261 3336 1398 3405 Rohano
1426 3361 1443 3403 a
1474 3336 1537 3403 Sua
1564 3335 1665 3402 Beati·

291 3443 426 3512 tudine«
451 3466 507 3533 per
530 3443 708 3527 intendere,
732 3444 791 3511 che
817 3446 1009 3532 »maneggio
1034 3456 1065 3512 et
1088 3442 1189 3512 modo
1214 3442 1271 3510 ella
1295 3466 1336 3510 ne
1359 3441 1451 3510 habbi
1475 3440 1556 3509 nelle
1580 3440 1665 3508 mani

293 3562 325 3618 et
348 3570 411 3617 con
434 3550 517 3640 quali
547 3549 740 3634 conditioni,
768 3551 936 3619 acciocche
965 3549 1112 3618 havendo
1136 3548 1187 3617 del
1215 3549 1421 3637 ragionevole
1450 3560 1481 3616 et
1504 3547 1662 3615 honesto«

292 3678 386 3744 possa
410 3656 461 3723 col
486 3656 664 3745 »consiglio
688 3675 719 3724 et
744 3680 903 3724 consenso
927 3655 959 3724 di
982 3668 1095 3746 questo
1118 3679 1153 3724 re
1177 3669 1208 3723 et
1231 3656 1326 3724 Rm0.
1343 3655 1541 3723 Eboracense
1565 3666 1665 3721 accet-

291 3762 368 3829 tarla
391 3774 422 3828 et
445 3762 616 3849 seguirla«,
639 3761 839 3831 recordando
863 3763 922 3831 che
944 3785 1001 3851 per
1026 3763 1126 3831 »altra
1149 3786 1246 3829 mano
1276 3762 1335 3829 che
1358 3784 1414 3850 per
1437 3772 1570 3850 questa«
1597 3781 1665 3826 non

293 3871 310 3933 e
326 3890 382 3955 per
400 3867 555 3936 »stabilire
579 3891 654 3936 cosa
672 3868 781 3936 alcuna
806 3870 838 3934 in
854 3889 965 3958 questa
980 3869 1142 3950 materia«,
1167 3881 1198 3937 et
1221 3869 1274 3957 pih
1290 3869 1402 3950 active,
1426 3867 1485 3933 che
1511 3865 1558 3932 »al
1574 3864 1663 3933 detto

291 3972 378 4060 Bagli
402 3973 441 4039 ha
464 3971 539 4041 dato
563 3974 696 4064 speciale
720 3976 950 4043 commissione
975 3974 1129 4064 d'operar,
1154 3974 1212 4042 che
1240 3974 1409 4042 aFirenze
1438 3973 1483 4039 sia
1510 3970 1663 4040 satisfatto

292 4100 310 4144 a
332 4077 393 4145 Sua
410 4078 548 4148 Santith«
573 4081 607 4148 in
630 4081 731 4170 quelle
756 4105 831 4149 cose
858 4080 956 4149 »della
980 4080 1188 4149 duchessina⁸
1211 4100 1241 4148 et
1265 4079 1304 4148 de
1320 4080 1431 4169 nepoti
1455 4091 1487 4147 et
1502 4079 1581 4162 altri,
1605 4079 1664 4146 che

292 4184 589 4272 ragionevolmente
612 4199 749 4255 toccano
772 4187 830 4255 alla
852 4186 1049 4256 Beatitudine
1072 4188 1134 4255 Sua
1158 4207 1190 4255 et
1212 4186 1270 4254 alla
1293 4209 1363 4254 casa
1386 4210 1472 4253 sua«.

399 4395 625 4468 ¹Kardinallegat
642 4398 704 4452 Gio.
724 4398 830 4452 Salviati
849 4416 893 4452 am
912 4398 982 4452 Hose
1001 4397 1092 4452 Franz'
1111 4399 1131 4453 1.

398 4474 409 4504 ¹
426 4466 575 4521 Francesco
594 4468 666 4539 degli
684 4468 782 4539 Angeli
796 4470 996 4539 (Quignones),
1016 4468 1132 4523 General
1151 4468 1197 4523 des
1217 4467 1508 4535 Franzishanerordem,
1528 4468 1662 4522 verschie-

293 4537 410 4591 dentlich
428 4556 458 4592 zu
478 4537 699 4609 diplomatischen
712 4538 875 4610 Sendungen
893 4539 1027 4593 zwischen
1042 4538 1082 4594 Cl.
1096 4540 1153 4595 VII.
1174 4539 1227 4593 und
1245 4539 1309 4593 Karl
1322 4540 1354 4594 V.
1370 4539 1524 4592 verwendet
1543 4540 1577 4607 (s.
1592 4539 1662 4592 oben

293 4607 339 4662 Nr.
361 4624 372 4677 5
394 4609 447 4662 und
468 4611 519 4678 10),
544 4626 587 4662 am
607 4624 648 4678 27.
668 4609 825 4680 September
846 4611 912 4677 1528
936 4628 996 4663 zum
1015 4610 1139 4664 Kardinal
1163 4610 1211 4663 mit
1235 4609 1295 4663 dem
1315 4609 1385 4663 Titel
1409 4609 1435 4665 S.
1455 4609 1543 4662 Croce
1562 4612 1588 4662 in
1607 4608 1662 4662 Ge·

293 4678 452 4760 ruralemme
472 4689 591 4746 emanat,
611 4679 680 4733 dano
699 4697 742 4733 am
763 4695 803 4735 10.
815 4680 919 4803 {Ianuar
940 4695 1008 4752 1529
1025 4681 1094 4763 nach
1113 4681 1201 4734 seiner
1213 4680 1332 4734 hnhunft
1351 4698 1382 4733 au
1401 4680 1471 4734 Rom
1491 4679 1517 4732 in
1536 4680 1582 4733 das
1601 4678 1662 4734 heii.

293 4747 812 4902 KOllegliniiaihiiierihofflmhdtddiciigcdh.
830 4759 876 4889 1a5ti
880 4749 1187 4892 9ifstdchienrsidiirenzos
1200 4820 1233 4875 ll.
1247 4821 1300 4875 und
1315 4820 1478 4875 Verwandte
1492 4820 1539 4874 des
1551 4821 1662 4890 Papstes

292 4904 348 4942 von
367 4888 419 4971 den
431 4887 613 4943 florentrnem
633 4892 682 4944 seit
696 4891 875 4963 Vertreibung
893 4891 940 4945 der
951 4892 1049 4946 Medici
1074 4891 1128 4945 Mai
1143 4906 1209 4961 1527
1240 4893 1267 4945 in
1278 4891 1408 4946 Verwahr
1420 4891 1555 4963 gehalten,
1574 4895 1663 4962 spiter

294 4957 537 5031 (Marserlle1533)
563 4962 610 5015 mit
633 4961 694 5015 dem
713 4962 821 5033 Herzog
845 4979 897 5017 von
916 4961 1031 5017 Orleans
1055 4965 1065 5031 (
1092 4962 1192 5017 einrich
1223 4962 1242 5017 L
1263 4980 1316 5016 von
1335 4962 1503 5031 Franhreich)
1523 4961 1661 5017 vermahlt.
