3842 5592
283 331 326 395 42
1400 343 1557 415 September
1579 342 1654 412 1528.

284 501 460 587 commodi,
484 503 543 572 che
565 527 607 573 ne
629 505 672 592 pb
696 515 837 591 expettar
860 525 1005 592 ognuno,
1029 516 1061 572 et
1083 515 1203 593 quanto
1226 503 1268 571 N.
1284 502 1422 590 Signore
1444 500 1507 570 l'ha
1528 524 1654 590 sempre

284 609 462 679 desiderato
486 622 518 678 et
541 609 698 692 desidera,
727 628 757 677 et
781 632 876 677 corne
903 632 970 677 non
1000 632 1052 678 era
1081 632 1138 698 per
1165 607 1279 676 lassare
1306 608 1340 676 di
1361 607 1406 676 far
1434 609 1512 697 ogni
1535 606 1654 690 officio,

283 716 400 804 perche
422 717 448 784 si
472 715 618 798 11116116,
646 714 893 804 soggiungendo
921 715 980 784 che
1008 739 1076 783 non
1104 714 1241 783 essendo
1269 727 1351 782 stato
1374 737 1452 802 gran
1480 714 1656 783 differentia

284 821 347 890 neli
369 822 484 891 trattati
509 822 634 910 passati,
659 821 743 889 ch'io
767 819 918 903 iudicava‚
942 821 1001 889 che
1024 833 1152 910 potesse
1174 833 1283 888 tornat
1306 844 1324 887 a
1345 843 1423 909 gran
1446 820 1547 908 gloria
1569 830 1601 887 e't
1623 819 1655 887 di

284 927 387 996 molto
416 929 532 997 merito
556 950 706 1017 appresso
729 928 795 994 Dio
819 940 850 997 et
877 930 905 994 al
928 927 1053 997 mondo
1082 940 1166 996 tutto
1190 951 1207 994 a
1230 928 1263 995 S.
1286 927 1332 994 M.
1357 939 1388 995 et
1411 950 1429 994 a
1452 928 1503 995 chi
1529 925 1562 994 di
1584 926 1654 993 loro

283 1036 385 1122 prima
407 1034 586 1103 rimettesse
612 1033 722 1103 alcuna
746 1056 821 1101 cosa
843 1032 883 1102 de
905 1032 977 1101 loro
999 1034 1132 1121 ragione
1155 1057 1173 1100 a
1194 1033 1260 1101 Dio
1284 1052 1316 1101 et
1338 1033 1367 1100 al
1390 1031 1452 1100 ben
1474 1031 1601 1121 publico
1624 1048 1656 1100 et

284 1140 341 1208 alla
359 1142 556 1223 6113111111,
583 1139 612 1208 11
640 1139 731 1230 quale
759 1139 838 1206 hora
865 1139 905 1207 da
932 1141 1011 1228 ogni
1040 1138 1142 1209 banda
1165 1143 1183 1207 ὲ
1206 1137 1316 1208 afflitta
1343 1138 1438 1207 etha
1468 1138 1508 1208 da
1534 1151 1655 1206 temere

284 1245 336 1313 del
357 1270 417 1315 suo
440 1247 573 1315 vecchio
597 1247 735 1328 nemico‚
759 1263 791 1315 et
814 1264 927 1335 questo
951 1269 1010 1334 per
1030 1246 1140 1313 venire
1163 1268 1180 1312 a
1202 1244 1267 1313 fine
1295 1244 1327 1314 di
1349 1256 1464 1333 questo
1487 1243 1656 1327 desiderio,

285 1353 344 1422 che
368 1353 408 1420 ha
430 1365 514 1421 tutto
541 1352 562 1420 il
585 1351 710 1420 mondo
733 1350 773 1419 de
797 1350 825 1419 la
852 1375 939 1440 pace.
984 1352 1023 1419 Et
1046 1352 1126 1420 saria
1153 1350 1252 1440 lungo
1275 1351 1411 1418 scrivere
1439 1362 1522 1419 tutto
1550 1350 1655 1440 quello

285 1459 344 1527 che
367 1459 396 1527 la
417 1461 547 1529 materia
570 1458 610 1527 da
632 1482 666 1526 se
687 1459 793 1527 riccha
816 1459 861 1526 mi
883 1480 1024 1547 porgeva
1046 1457 1103 1526 alla
1126 1457 1233 1546 lingua
1255 1460 1288 1525 in
1311 1455 1500 1546 persuadere
1523 1457 1555 1525 S.
1571 1457 1656 1524 Ma

285 1577 395 1655 questa
418 1588 502 1635 cosa.

389 1671 426 1741 El
448 1671 591 1742 secundo
614 1683 715 1760 punto
739 1669 772 1738 fu
795 1669 835 1738 de
858 1669 887 1738 le
911 1694 987 1739 cose
1010 1670 1042 1739 di
1060 1671 1212 1740 Ravenna
1235 1683 1267 1738 et
1283 1670 1408 1753 (361νί1,
1432 1689 1463 1738 61
1486 1670 1519 1737 in
1542 1687 1656 1759 questo

286 1799 402 1845 ancora
427 1778 618 1846 »t’iniusritia
641 1798 672 1845 et
687 1778 819 1867 iniquita
841 1778 874 1844 in
891 1788 1028 1866 occupat
1050 1777 1136 1845 dette
1159 1789 1262 1844 terren
1288 1777 1333 1844 mi
1351 1775 1492 1844 snodava
1507 1775 1536 1842 la
1550 1774 1656 1863 lingua

286 1906 304 1950 a
327 1882 414 1953 dirve
436 1883 459 1951 il
481 1883 619 1972 bisogno
643 1896 675 1952 et
698 1883 847 1951 exhorter
869 1884 901 1950 S.
925 1883 971 1950 M.
994 1906 1013 1951 a
1035 1884 1239 1972 interponere
1263 1881 1501 1951 efficacemente
1524 1880 1657 1949 l'autbo-

285 1989 345 2056 ritd
370 2013 426 2059 sua
453 2002 485 2062 et
507 2013 630 2080 operar,
658 1989 719 2058 che
742 2013 804 2057 con
829 1989 939 2058 effetto
963 2001 1073 2081 questa
1095 1990 1296 2058 restitutione
1320 1991 1345 2056 si
1369 1988 1480 2071 faccia,
1509 2007 1540 2056 et
1563 1988 1617 2078 qui
1640 2010 1657 2053 a

287 2095 351 2164 bon
374 2098 542 2186 proposito
565 2095 594 2164 le
617 2094 789 2179 dechiarai,
812 2108 931 2186 quanto
954 2097 1145 2164 iustamente
1171 2095 1302 2164 l'animo
1327 2094 1358 2162 di
1381 2097 1422 2164 N.
1445 2096 1582 2183 Signore
1606 2117 1662 2161 era

290 2202 488 2271 »exulcerato
517 2214 628 2271 contra
651 2203 783 2286 Cesare,
811 2202 978 2290 Spagnoli,
1001 2201 1162 2271 Tedeschi
1189 2224 1246 2290 per
1273 2200 1294 2268 li
1318 2201 1414 2270 danni
1442 2200 1480 2268 da
1507 2200 1578 2268 loro
1606 2223 1658 2288 pa·

286 2310 372 2393 titio,
400 2307 544 2377 secondo
568 2308 627 2377 che
654 2307 765 2376 alcuna
787 2306 872 2376 volta
900 2330 995 2396 sopra
1024 2309 1074 2376 cid
1098 2309 1139 2377 N.
1164 2307 1301 2396 Signore
1328 2307 1368 2375 ha
1391 2306 1535 2375 discorso
1564 2328 1658 2373 meco

287 2415 490 2485 descendoli¹
513 2416 568 2505 poi
590 2438 609 2482 a
631 2414 725 2505 quelli
748 2414 938 2502 particulari,
966 2414 1024 2482 che
1047 2427 1139 2482 tocca
1162 2415 1202 2480 V.
1227 2413 1258 2481 S.
1283 2437 1324 2481 ne
1347 2413 1375 2480 la
1397 2436 1453 2481 sua
1476 2412 1517 2481 de
1538 2413 1604 2495 IH.,
1627 2422 1660 2480 et

287 2534 543 2611 expressamente
567 2521 596 2590 16
613 2520 759 2603 11611111,
783 2520 842 2588 che
857 2539 1061 2611 quantunque
1084 2520 1114 2588 16
1130 2520 1242 2588 iniurie
1266 2532 1297 2588 61
1312 2519 1408 2589 dauni
1431 2520 1519 2608 patiti
1535 2517 1658 2587 fossero

287 2628 488 2711 intolerabili,
516 2628 625 2695 niente
648 2627 679 2695 di
703 2650 801 2695 meno
825 2626 883 2695 che
907 2638 1017 2717 questa
1039 2628 1211 2695 ritentione
1235 2650 1288 2694 era
1310 2650 1372 2695 una
1402 2627 1515 2694 iniuria
1537 2649 1659 2713 perma-

288 2747 385 2804 nente
409 2747 440 2803 et
463 2735 521 2803 che
545 2735 697 2802 continue
720 2745 806 2802 stava
828 2758 870 2801 ne
892 2732 913 2800 li
936 2733 1029 2802 occhi
1053 2732 1084 2800 di
1107 2733 1169 2801 Sua
1184 2734 1305 2801 santia
1326 2732 1443 2820 fattagli
1467 2731 1506 2799 da
1522 2731 1659 2821 colligati

289 2858 320 2908 et
343 2839 381 2907 da
408 2840 518 2930 quelli,
547 2840 696 2908 ch’erano
724 2838 854 2927 obligati
882 2863 900 2907 a
923 2838 1097 2907 diffendere
1127 2838 1156 2907 le
1185 2862 1260 2907 cose
1290 2861 1362 2922 sue,
1393 2850 1425 2907 et
1455 2838 1514 2907 che
1541 2860 1559 2905 a
1582 2837 1659 2904 niun

289 2943 389 3013 modo
406 2946 468 3013 Sua
482 2944 680 3014 Beatitudine
703 2968 754 3012 era
770 2967 827 3033 per
842 2945 1069 3034 comportarlo,
1093 2943 1252 3014 dicendoli
1268 2944 1374 3035 quello
1391 2944 1450 3012 che
1466 2945 1507 3012 N.
1524 2944 1660 3032 Signore

289 3052 334 3118 mi
356 3049 552 3119 commando
577 3051 661 3118 ch'io
685 3048 798 3118 dicessi
820 3048 860 3119 16
883 3049 911 3118 11
935 3051 1141 3119 conclusione
1164 3049 1239 3119 latta
1262 3052 1295 3118 in
1316 3051 1522 3132 concistori0,
1547 3060 1578 3118 et
1601 3049 1660 3117 che

289 3154 418 3247 quando
441 3157 473 3224 S.
496 3158 542 3225 M.
568 3180 635 3224 non
663 3179 811 3245 operasse
842 3155 871 3224 la
893 3158 1093 3226 restitutione
1121 3181 1185 3225 con
1214 3156 1339 3240 effetto,
1368 3157 1427 3225 che
1456 3157 1519 3225 Sua
1541 3157 1662 3224 Santitt

289 3286 357 3331 non
381 3286 433 3331 era
455 3286 512 3351 per
534 3286 681 3331 mancare
703 3261 761 3330 alla
783 3261 866 3331 Sede
884 3263 1070 3352 Apostolica
1093 3276 1125 3332 et
1146 3288 1164 3331 a
1187 3287 1221 3331 se
1245 3265 1354 3331 istessa
1376 3286 1432 3352 per
1455 3274 1536 3331 tutte
1558 3261 1660 3353 quelle

290 3370 354 3453 vie,
383 3370 442 3438 che
464 3368 493 3438 le
516 3371 678 3457 paressino
703 3367 898 3457 expedienti,
925 3368 1089 3457 parendoli
1117 3371 1225 3438 homai
1252 3368 1284 3437 di
1308 3392 1394 3438 esser
1421 3367 1586 3437 iustificata
1608 3390 1660 3456 ap·

289 3498 400 3564 presso
423 3476 488 3544 Dio
513 3494 545 3543 et
567 3475 612 3565 gli
633 3476 790 3545 huomini.

395 3582 426 3649 S.
451 3583 496 3650 M.
520 3583 564 3649 mi
593 3580 680 3650 dette
706 3581 845 3670 benigna
871 3580 1029 3651 audientia
1056 3602 1088 3651 et
1115 3593 1343 3651 attentaruente
1371 3595 1470 3650 attese
1493 3605 1510 3648 a
1533 3590 1617 3649 tutto
1641 3578 1659 3646 il

289 3687 399 3777 parlar,
423 3698 455 3756 et
477 3686 535 3755 alle
557 3687 736 3756 salutationi
761 3706 792 3755 et
814 3686 1030 3757 benedictioni
1053 3690 1195 3776 rispose²
1216 3685 1433 3776 ringratiando
1457 3687 1519 3755 Sua
1541 3686 1663 3754 Santitl

291 3792 427 3861 dicendo
450 3794 508 3862 che
532 3815 658 3882 sempre
681 3792 710 3861 16
733 3816 793 3885 era
808 3806 890 3862 stato
914 3792 978 3862 bon
1003 3792 1147 3883 figliuolo
1171 3812 1203 3861 et
1225 3815 1353 3882 sempre
1376 3794 1470 3875 saria,
1498 3792 1660 3861 levandosi

290 3899 311 3966 il
334 3898 467 3968 bonetto
491 3897 524 3966 di
539 3922 629 3988 capo,
653 3899 781 3989 quando
804 3912 963 3969 accettava
985 3899 1262 3969 labenedictione.
1301 3900 1399 3989 Dipoi
1416 3900 1498 3969 circa
1520 3898 1541 3966 il
1555 3900 1661 3988 primo

291 4005 423 4073 articolo
446 4004 475 4072 la
489 4005 611 4073 Maesta
634 4028 696 4072 con
713 4005 812 4073 molte
835 4006 943 4095 parole
966 4007 992 4074 si
1007 4005 1113 4074 sforzb
1137 4005 1169 4074 di
1191 4005 1369 4089 iustificare,
1393 4005 1452 4074 che
1468 4005 1508 4075 da
1530 4005 1570 4072 lei
1593 4028 1660 4074 non

291 4132 344 4177 era
366 4128 513 4177 mancato
537 4122 569 4178 et
592 4111 650 4178 che
673 4110 772 4180 havea
789 4113 900 4181 voluto
923 4112 988 4181 fare
1011 4125 1094 4181 tutto
1118 4112 1223 4203 quello
1247 4114 1306 4181 che
1329 4110 1413 4180 fusse
1437 4112 1660 4193 conveniente,

291 4214 437 4304 pagando
465 4215 519 4284 dui
546 4215 681 4285 millioni
708 4216 914 4287 1161113616.
938 4218 1146 4288 discurrendo
1174 4218 1196 4286 li
1218 4220 1333 4288 trattati
1357 4219 1463 4288 havuti
1490 4219 1523 4285 in
1548 4215 1662 4285 Madril

292 4333 323 4389 et
345 4320 414 4389 altri
435 4323 545 4410 tempi,
569 4322 628 4391 che
650 4324 677 4389 si
699 4327 827 4393 tnatto
851 4324 881 4392 di
904 4348 992 4414 pace,
1006 4337 1047 4393 ·et
1071 4324 1129 4393 che
1144 4324 1187 4393 lui
1210 4348 1278 4393 non
1302 4323 1483 4394 desiderava
1506 4324 1585 4392 altro
1602 4323 1661 4392 che

291 4446 401 4520 questa
423 4450 499 4516 pace
523 4451 579 4517 per
601 4428 751 4498 rehavere
773 4429 794 4497 li
817 4428 965 4519 figliuoli,
989 4430 1028 4499 de
1051 4430 1072 4497 li
1095 4430 1178 4522 quali
1201 4455 1268 4499 non
1296 4431 1395 4499 havea
1417 4454 1491 4500 cosa
1513 4431 1568 4519 piu
1592 4452 1660 4498 cara

291 4532 379 4622 dopo
401 4533 530 4603 l'honor
552 4558 623 4619 suo,
646 4559 698 4605 ma
721 4536 780 4605 che
803 4537 856 4625 pib
879 4548 986 4625 presto
1003 4559 1056 4605 era
1077 4559 1134 4625 per
1156 4536 1271 4604 lassarli
1294 4537 1323 4605 11
1346 4559 1388 4626 40
1404 4539 1489 4619 anni,
1513 4537 1572 4605 che
1595 4559 1660 4604 ma-

292 4639 376 4708 culat
397 4639 526 4709 l’honor
549 4664 619 4724 suo,
647 4643 738 4733 quale
761 4642 867 4725 volea,
896 4665 990 4709 corne
1012 4643 1062 4709 sin
1085 4644 1138 4733 qui
1166 4642 1206 4711 ha
1231 4642 1320 4727 fatto,
1348 4641 1482 4734 guardar
1508 4643 1580 4710 sino
1604 4642 1661 4710 alla

292 4759 412 4830 morte,
440 4746 687 4836 soggiungendo
712 4747 826 4836 ch'egli
853 4747 952 4816 havea
974 4747 1086 4817 voluto
1109 4771 1223 4838 pagare
1251 4749 1312 4817 allo
1334 4749 1530 4839 Imperatore
1557 4747 1662 4817 ducati

399 4913 409 4944 ¹
427 4905 479 4961 Th.
498 4904 639 4962 dicendoli.
747 4904 827 4965 'Tln
846 4905 1025 4962 benedictioni
1044 4917 1095 4963 etc.
1131 4908 1254 4979 Rispose

399 4976 478 5031 'Tb
498 4993 531 5031 an
550 4977 632 5032 Stelle
649 4994 704 5032 von
724 4976 863 5032 ducati-
882 4977 966 5034 d’oro.

1893 302 1899 339 l
