3820 5592
248 287 290 348 24
1457 303 1533 375 April
1554 305 1622 372 1528

353 460 391 529 Et
414 460 486 529 licet
514 463 546 528 in
570 461 649 529 libro
673 485 729 550 per
755 487 865 552 regem
895 462 982 532 edito
1011 463 1204 546 discutiatur,
1232 487 1272 531 an
1299 486 1357 553 per
1379 465 1495 552 Papam
1526 486 1621 552 super

246 567 309 632 isto
338 566 570 655 impedimento
598 567 771 656 dispensari
799 571 914 658 possit,
944 583 976 640 et
1002 569 1143 639 diversae
1172 570 1341 657 opiniones
1370 568 1542 637 doctorum
1570 592 1618 636 re-

246 673 415 759 periantur,
446 675 574 764 ipseque
603 697 657 743 rex
684 674 851 744 adhaereat
879 677 1025 766 opinioni
1054 678 1248 758 tenentium,
1279 674 1367 766 quod
1395 675 1485 743 liceat
1514 676 1615 764 Papae

246 802 340 868 super
370 779 433 847 hoc
457 780 652 869 dispensare,
683 794 827 851 remanet
856 782 1036 866 difficultas,
1067 785 1093 850 si
1116 783 1288 872 reperiatur
1311 779 1509 870 dispensatio.
1528 781 1618 865 lacta,

247 909 326 974 quae
348 886 570 974 praetendatur
594 912 632 956 ex
655 891 748 957 certis
771 891 872 957 causis
901 889 1083 979 subreptitia
1107 910 1138 957 et
1162 889 1338 977 obreptitia.
1386 889 1458 955 Hoc
1481 910 1570 970 casu,
1593 888 1619 953 si
1714 891 1731 916 ⁶

247 1011 352 1060 essent
376 994 452 1062 tales
475 1017 597 1077 causae,
620 1019 700 1085 quae
723 994 892 1064 redderent
914 996 1032 1065 litteras
1055 996 1253 1084 subreptitias
1277 1006 1308 1062 et
1331 993 1441 1075 nullas,
1465 993 1541 1060 nulli
1563 992 1619 1061 du-

246 1096 344 1180 bium,
368 1099 454 1188 quod
479 1102 719 1170 matrimonium
744 1102 824 1169 illius
840 1104 952 1191 vigore
975 1101 1178 1170 subsecutum
1202 1100 1310 1169 fuisset
1330 1112 1362 1169 et
1381 1110 1464 1168 esset
1486 1098 1618 1167 nullum.

352 1204 415 1273 Sed
439 1220 583 1275 remanet
606 1206 786 1291 difficultas,
814 1233 894 1299 quae
918 1221 965 1276 est
988 1207 1156 1296 diligenter
1184 1204 1406 1288 examinanda,
1434 1229 1474 1273 an
1498 1229 1619 1288 causae,

246 1335 323 1400 quas
343 1333 397 1379 rex
421 1312 598 1400 praetendit
622 1314 661 1381 de
677 1316 743 1383 iure
767 1340 837 1383 esse
860 1314 1053 1383 sufficientes
1077 1314 1116 1382 ad
1131 1312 1330 1382 reddendum
1354 1313 1471 1382 litteras
1494 1311 1620 1401 dispen-

246 1418 377 1485 sationis
401 1419 608 1507 subreptitias,
633 1433 664 1488 et
686 1445 763 1512 quas
786 1424 865 1510 petit
883 1446 900 1489 a
919 1423 1089 1490 Sanctitate
1106 1422 1219 1489 Vestra
1242 1418 1407 1510 approbari
1427 1417 1619 1487 sufficientes

247 1544 278 1590 et
301 1523 406 1590 solum
424 1527 583 1594 committi
603 1526 766 1611 iudicibus,
789 1541 824 1597 ut
840 1529 865 1595 si
882 1529 927 1595 eis
951 1528 1138 1610 constiterit,
1162 1526 1227 1594 illas
1250 1550 1320 1594 esse
1336 1549 1436 1608 veras,
1459 1523 1619 1592 declarent

247 1630 364 1697 litteras
393 1632 474 1719 ipsas
502 1632 700 1723 subreptitias
730 1648 761 1704 et
784 1634 883 1703 nullas
914 1659 949 1702 ac
979 1635 1221 1703 matrimonium
1252 1632 1373 1700 illarum
1400 1632 1512 1720 vigore
1543 1653 1619 1698 con-

247 1747 381 1804 tractum
406 1736 526 1806 nullum
551 1739 630 1807 fore.

352 1844 388 1909 ln
412 1843 475 1912 hoc
499 1848 644 1915 consistit
666 1860 734 1916 tota
758 1847 922 1916 difficultas
947 1859 978 1915 et
1001 1846 1108 1914 honor
1123 1847 1301 1914 Sanctitatis
1318 1846 1451 1912 Vestrae
1475 1856 1507 1913 et
1529 1842 1619 1911 Sedis

247 1949 461 2036 Apostolicae.
507 1952 661 2020 Dicebam
686 1956 789 2037 enim,
813 1954 900 2045 quod
924 1955 956 2021 in
980 1951 1154 2021 canonibus
1178 1952 1385 2021 determinate
1410 1961 1441 2018 et
1464 1948 1545 2018 clare
1568 1974 1621 2017 ex-

246 2077 390 2142 pressum
414 2059 579 2145 reperitur,
602 2059 689 2149 quod
712 2061 906 2128 taciturnitas
930 2059 1107 2150 aliquorum
1131 2058 1328 2141 defectuum,
1357 2069 1390 2125 ut
1413 2069 1488 2145 puta
1511 2058 1620 2124 aetatis

247 2160 297 2227 vel
328 2161 493 2245 natalium,
524 2187 661 2254 quorum
693 2167 887 2234 taciturnitas
920 2167 952 2233 in
985 2165 1094 2234 litteris
1127 2165 1357 2254 impetrationis
1389 2160 1619 2231 beneficiorum

249 2266 533 2337 ecclesiasticorum
557 2270 661 2340 reddit
684 2273 801 2341 litteras
825 2272 1013 2361 apostolicas
1035 2274 1106 2361 ipso
1129 2273 1197 2339 iure
1220 2271 1336 2354 nullas,
1369 2269 1471 2359 aliqua
1485 2291 1564 2337 vero
1587 2270 1618 2334 in

248 2374 323 2461 ipsis
339 2373 448 2442 litteris
464 2378 692 2464 exprimuntur,
705 2402 784 2468 quae
799 2402 865 2446 non
883 2379 1081 2467 reperiuntur
1094 2401 1240 2469 expresse
1256 2376 1409 2445 declarata
1424 2399 1481 2464 per
1491 2376 1619 2463 Papam,

249 2479 336 2568 quod
364 2478 515 2549 inducant
541 2485 791 2572 surreptionem,
820 2496 852 2553 et
874 2498 949 2552 tunc
972 2484 1132 2552 auditores
1161 2495 1193 2551 et
1215 2482 1264 2550 alii
1295 2482 1414 2549 iudices
1437 2479 1553 2548 habent
1575 2482 1621 2547 vi-

251 2582 340 2668 dere,
368 2588 394 2653 si
416 2588 479 2656 sint
506 2589 597 2672 tales,
627 2614 707 2681 quae
733 2592 896 2680 potuerint
924 2589 1073 2659 inducere
1096 2591 1212 2678 Papam
1241 2588 1280 2657 ad
1304 2585 1547 2656 concedendum
1570 2585 1620 2654 vel

251 2690 289 2759 ad
320 2691 554 2782 denegandum.
600 2697 639 2764 Et
670 2710 838 2787 propterea
870 2697 908 2765 ad
940 2698 1140 2787 propositum
1174 2695 1347 2764 litterarum
1381 2693 1624 2781 dispensationis

254 2796 435 2865 huiusmodi
460 2818 506 2867 est
523 2799 768 2885 discutiendum,
791 2827 829 2870 an
854 2804 931 2871 istae
948 2826 1058 2871 causae
1082 2801 1262 2870 induxerint
1281 2801 1331 2869 vel
1353 2823 1422 2868 non
1444 2797 1625 2866 induxerint

255 2902 369 2970 Iulium
396 2904 588 2973 Pontificem
617 2906 656 2975 ad
687 2909 930 2977 concedendum
962 2908 1077 2977 dictam
1108 2908 1388 2998 dispensationem.
1434 2906 1472 2973 Et
1501 2905 1527 2972 si
1556 2904 1625 2972 illae

257 3031 368 3076 causae
391 3033 555 3098 expressae
574 3013 625 3080 vel
648 3014 769 3082 illarum
793 3014 907 3084 falsitas
930 3017 993 3084 sint
1016 3014 1208 3084 sufficientes
1231 3013 1271 3082 ad
1292 3011 1491 3081 reddendum
1510 3010 1626 3078 litteras

258 3113 501 3203 dispensationis
529 3118 628 3197 nullas
656 3133 687 3188 et
711 3121 870 3205 invalidas,
899 3122 986 3212 quod
1014 3134 1138 3211 poterat
1160 3120 1259 3189 videri
1287 3144 1325 3188 ex
1353 3117 1526 3187 canonibus
1555 3116 1628 3184 hac-

258 3232 350 3288 tenus
374 3221 476 3306 editis,
499 3228 553 3314 qui
576 3227 607 3292 in
632 3228 733 3295 causis
761 3228 1043 3297 matrimonialibus
1074 3248 1147 3295 sunt
1170 3225 1368 3309 attendendi,
1397 3237 1430 3293 et
1451 3221 1627 3292 secundum
1662 3262 1667 3270 ·

259 3350 316 3394 eos
333 3338 380 3395 est
402 3328 603 3400 iudicandum
628 3345 714 3401 etex
735 3333 793 3401 illis
817 3346 922 3423 potest
939 3334 1018 3417 elici,
1042 3357 1082 3400 an
1099 3332 1199 3401 dictae
1224 3356 1335 3402 causae
1350 3334 1413 3399 sint
1436 3329 1628 3398 sufficientes

259 3431 298 3500 ad
320 3434 532 3505 inducendam
557 3438 795 3529 subreptionem
819 3439 971 3509 dictarum
996 3440 1179 3508 litterarum.

364 3542 403 3609 Et
419 3545 490 3632 quia
506 3568 524 3611 a
539 3545 709 3615 Sanctitate
721 3548 836 3614 Vestra
859 3548 890 3615 in
908 3547 990 3615 dicta
1013 3547 1243 3615 commissione
1263 3545 1402 3633 praecise
1418 3555 1540 3631 petunt,
1563 3540 1629 3609 illas

259 3646 407 3715 declarari
435 3648 626 3719 sufficientes
655 3651 692 3719 ad
723 3653 935 3722 inducendam
967 3653 1141 3722 nullitatem
1171 3651 1345 3720 litterarum
1374 3648 1628 3738 dispensationis,

260 3766 291 3820 et
314 3753 418 3822 solum
442 3756 584 3825 mandari
607 3757 771 3842 iudicibus,
795 3772 829 3828 ut
846 3763 1037 3843 examinent,
1061 3762 1087 3827 si
1102 3761 1165 3826 sint
1183 3781 1276 3826 verae
1299 3756 1350 3825 vel
1368 3780 1453 3839 non;
1478 3767 1509 3823 et
1525 3752 1629 3844 quoad

260 3858 322 3926 hoc
353 3859 513 3929 dicebatur
541 3865 600 3931 eis:
631 3867 657 3931 si
686 3866 840 3934 Sanctitas
864 3868 978 3934 Vestra
1005 3867 1069 3934 hoc
1098 3862 1286 3945 declarabat,
1317 3874 1350 3930 et
1377 3861 1416 3929 de
1445 3863 1513 3928 iure
1543 3859 1630 3927 aliter

262 3978 344 4033 esset
367 3979 398 4035 et
421 3990 477 4055 per
497 3969 740 4057 appellationem
763 3996 819 4040 seu
842 3973 916 4040 alias
939 3996 1032 4061 super
1054 3973 1186 4040 veritate
1209 3968 1428 4038 declarationis
1452 3966 1630 4035 Sanctitatis

261 4072 393 4140 Vestrae
424 4073 632 4144 discuteretur
654 4099 685 4145 et
709 4077 748 4146 de
775 4080 842 4145 iure
873 4080 1065 4148 contrarium
1094 4090 1192 4159 esset,
1220 4074 1308 4166 quod
1336 4073 1448 4142 eadem
1477 4073 1630 4141 Sanctitas

261 4180 375 4247 Vestra
399 4179 575 4265 declaravit,
602 4184 755 4252 Sanctitas
771 4186 886 4253 Vestra
912 4184 950 4252 ab
974 4185 1122 4252 omnibus
1150 4184 1337 4251 laceraretur
1364 4201 1395 4249 et
1419 4177 1630 4262 damnaretur,

263 4304 294 4353 et
309 4309 365 4373 per
378 4287 439 4354 hoc
456 4288 714 4360 scandalizaretur
729 4304 816 4360 totus
833 4290 982 4374 mundus,
996 4302 1026 4358 et
1042 4303 1243 4359 revocaretur
1254 4290 1366 4377 vigore
1383 4286 1631 4366 commissionis,

262 4415 357 4482 quam
388 4395 542 4463 Sanctitas
568 4397 682 4465 Vestra
712 4410 823 4465 contra
851 4397 1097 4465 declarationem
1127 4420 1216 4464 suam
1247 4396 1371 4483 signare
1403 4405 1572 4481 cogeretur
1599 4392 1631 4457 in

262 4500 420 4586 signatura
437 4503 580 4570 iustitiae.
620 4501 802 4585 Adducens,
826 4502 914 4593 quod
929 4501 1054 4570 Felinus
1077 4504 1111 4569 in
1127 4526 1193 4591 cap.
1232 4503 1278 4569 Ex
1294 4513 1381 4589 parte
1404 4498 1444 4567 de
1460 4498 1632 4587 rescriptisl

263 4603 348 4687 dicit,
372 4606 459 4696 quod
482 4607 533 4675 ubi
550 4610 633 4697 Papa
655 4609 794 4692 mandat,
818 4632 913 4699 quern
930 4610 1042 4699 privari
1066 4608 1221 4677 beneficio
1237 4619 1367 4697 propter
1390 4607 1522 4688 crimen,
1546 4602 1632 4695 quod

263 4742 472 4753 ----—-—..

370 4809 380 4839 ¹
403 4802 508 4857 Decret.
532 4804 614 4875 Greg.
640 4804 686 4858 tx.
711 4804 755 4859 lib.
780 4803 800 4858 1.
826 4812 855 4858 tt.
880 4803 928 4859 ΙΙΙ.
952 4822 974 4859 c.
998 4819 1023 4859 2.
1060 4794 1133 4858 Uber
1157 4802 1263 4857 Felinus
1288 4801 1406 4856 Sandeus
1432 4799 1516 4871 vergl.
1540 4799 1635 4924 Georg

263 4871 385 4943 Phillips,
405 4873 609 4942 Kirchenrecht‚
629 4875 676 4929 Bd.
695 4889 724 4943 4,
744 4874 770 4930 S.
791 4890 849 4945 339,
868 4874 949 4929 Anna.
968 4874 1010 4930 86.
1047 4874 1167 4941 Schulte,
1190 4874 1241 4927 Die
1260 4872 1359 4927 Gesch.
1379 4871 1426 4926 der
1443 4870 1562 4935 Qrellen
1581 4888 1616 4924 un

263 4940 405 4997 Litteratur
423 4943 470 4997 des
489 4946 670 5001 kanonischen
689 4946 814 5000 Rechtes.
851 4945 884 5001 ΙΙ.
907 4962 918 5015 3
925 4960 964 5014 50·
