3836 5598
260 371 324 423 1529
343 350 508 426 September.
1565 350 1624 413 l29

256 538 327 582 cum
346 517 481 583 cuiusvis
504 519 630 604 generis
645 529 714 585 tuas
733 516 850 585 litteras
867 517 999 585 habituri
1023 517 1190 588 fuissemus
1215 543 1273 608 pro
1290 535 1401 590 nostro
1419 523 1450 588 in
1468 535 1499 590 te
1515 546 1625 590 amore

255 622 457 708 gratissimas,
482 622 647 691 habuimus
664 626 757 691 etiam
775 623 934 713 aliquanto
951 627 1114 711 gratiores,
1135 627 1222 716 quod
1239 626 1404 695 hominem
1421 627 1514 695 nobis
1531 629 1625 716 longa

256 730 447 817 experientia
476 753 579 797 rerum
607 729 791 818 probatum,
816 729 981 799 virtutibus
1011 745 1043 799 et
1070 732 1213 800 doctrina
1241 735 1416 821 insignem,
1445 734 1571 824 fideque
1595 748 1625 804 et

255 837 374 903 meritis
402 838 466 904 suis
489 859 564 904 sane
589 838 712 925 magnis
742 837 834 904 nobis
858 861 965 905 carum
988 850 1045 906 tuo
1069 838 1177 907 favore
1201 839 1343 907 sublevas
1373 854 1403 909 et
1427 843 1458 908 in
1487 843 1625 910 amando

254 962 382 1011 nostros
405 956 496 1011 tuum
519 967 647 1034 quoque
671 967 745 1032 erga
768 968 829 1011 nos
852 968 996 1012 amorem
1027 944 1151 1013 uberius
1176 945 1321 1014 declaras.
1369 948 1452 1034 Ergo
1477 950 1508 1015 in
1538 949 1623 1016 illum

254 1072 368 1136 magna
391 1051 530 1118 accessio
546 1048 625 1117 facta
642 1062 689 1118 est
712 1061 743 1117 et
758 1048 999 1118 benevolentiae
1019 1063 1049 1119 et
1066 1050 1171 1118 iudicii
1194 1055 1294 1119 nostri
1310 1052 1368 1120 hac
1390 1064 1442 1120 tua
1459 1077 1625 1122 commen·

254 1154 391 1224 datione.
439 1157 563 1244 Dignus
594 1170 641 1225 est
674 1158 759 1224 enim
790 1158 880 1223 omni
913 1156 1112 1225 exuberantia
1145 1160 1245 1225 nostri
1275 1157 1420 1241 affectus,
1451 1162 1503 1250 qui
1534 1173 1623 1228 tuum

253 1286 397 1331 amorem
426 1266 468 1332 ita
494 1265 680 1352 promeruit.
731 1265 844 1352 Neque
875 1265 961 1330 enim
993 1265 1052 1331 nisi
1083 1263 1199 1351 dignos
1229 1264 1266 1331 ad
1297 1277 1369 1333 tuae
1397 1265 1624 1353 benignitatem

253 1372 370 1457 gratiae
385 1370 524 1458 recipere
542 1371 745 1438 consuevisti.
785 1371 892 1460 Itaque
915 1392 976 1436 nos
992 1370 1077 1437 idem
1095 1394 1167 1437 cum
1184 1371 1358 1439 Serenitate
1374 1371 1445 1438 Tua
1462 1386 1609 1461 optamus
1615 1401 1624 1457 ;

253 1478 362 1565 vigent
390 1479 476 1545 enim
504 1501 539 1544 ac
562 1475 715 1565 vigebunt
743 1479 774 1543 in
798 1489 907 1544 nostra
935 1478 1091 1544 memoria
1123 1475 1246 1545 assidue
1270 1497 1349 1566 quot
1377 1489 1408 1545 et
1431 1499 1546 1568 quanta
1575 1480 1625 1547 ille

253 1605 311 1670 pro
335 1582 418 1651 Sede
434 1583 619 1671 Apostolica
642 1584 867 1672 signanterque
891 1606 949 1671 pro
973 1582 1022 1650 fel.
1048 1606 1111 1650 rec.
1130 1582 1240 1650 Leone
1257 1584 1298 1649 X.
1324 1584 1428 1672 praed.
1453 1597 1565 1654 nostro
1589 1611 1625 1654 ac

252 1688 345 1756 nobis
369 1691 484 1777 egerit,
513 1701 629 1780 quanta
651 1691 762 1757 itinera
791 1713 950 1771 emensus,
979 1712 1060 1778 quos
1084 1688 1206 1757 labores
1235 1708 1266 1756 et
1290 1689 1426 1777 pericula
1453 1692 1623 1780 pertulerit.

252 1794 416 1885 inquibus
439 1795 514 1864 illud
538 1820 605 1863 non
622 1795 767 1864 ultimum
792 1797 939 1884 ingratia
962 1809 1070 1863 nostra
1087 1797 1297 1883 reposuimus,
1321 1795 1408 1885 quod
1429 1797 1622 1885 legationem

252 1901 333 1990 apud
361 1914 393 1970 te
418 1914 558 1970 nostram
587 1917 736 1992 tuamque
766 1903 848 1990 apud
876 1902 954 1970 alios
982 1914 1067 1970 tanta
1091 1908 1162 1969 cum
1191 1914 1243 1970 tua
1267 1901 1480 1970 satisfactione
1509 1907 1624 1989 exegit,

253 2022 285 2079 ut
310 2012 338 2079 ei
362 2011 424 2079 boc
451 2011 732 2079 honestamentum
755 2021 807 2077 tua
832 2010 1059 2077 intercessione
1087 2010 1295 2096 concupieris.
1342 2010 1420 2087 Quo
1443 2012 1543 2097 magis
1568 2009 1624 2077 do-

251 2117 364 2200 lemus,
393 2137 576 2207 temporum
604 2130 635 2186 et
658 2140 764 2197 rerum
792 2117 948 2183 rationem
979 2115 1147 2182 nonnihil
1175 2115 1330 2182 adversari
1362 2129 1473 2184 nostro
1505 2136 1536 2184 er
1566 2136 1623 2184 tuo

252 2225 323 2292 huic
340 2223 509 2306 desiderio,
533 2248 612 2314 quae
631 2226 656 2291 si
680 2222 897 2292 immutabitur
921 2237 954 2290 ut
977 2245 1150 2310 speramus,
1174 2220 1380 2310 gaudebimus
1405 2246 1472 2289 non
1500 2222 1624 2290 medio-

252 2331 344 2398 criter
367 2331 424 2398 hac
449 2333 541 2398 etiam
567 2331 606 2398 de
631 2354 732 2411 causa,
757 2341 790 2397 ut
813 2327 868 2396 tibi
891 2328 1047 2418 nobisque
1070 2330 1185 2416 pariter
1207 2327 1329 2415 placere
1354 2327 1522 2395 valeamus.
1559 2329 1624 2396 Cu·
1700 2360 1704 2366 ¹

251 2438 355 2524 pimus
379 2450 463 2505 certe
480 2435 586 2504 offerri
609 2434 701 2503 nobis
727 2437 941 2517 occasionem,
966 2433 1159 2523 quod-citius
1183 2433 1263 2500 illius
1284 2436 1473 2502 meritorum
1498 2447 1529 2502 et
1551 2447 1623 2503 tuae

252 2544 342 2610 huius
360 2542 661 2624 commendationis,
685 2565 778 2631 quam
796 2542 925 2608 maximi
950 2540 1082 2607 tacimus
1098 2551 1132 2607 ut
1148 2538 1310 2620 debemus,
1335 2541 1491 2607 rationem
1509 2539 1622 2609 habere

251 2651 419 2737 possimus.

356 2793 474 2860 Datum
499 2793 631 2874 Romae,
655 2816 685 2879 4.
710 2789 903 2878 Septembris
931 2809 1023 2875 1529.
1069 2791 1168 2856 Anno
1191 2802 1292 2856 sextu.

1380 2947 1513 3016 Blosius.

462 3219 537 3272 Brev.
556 3219 620 3272 min.
640 3217 681 3272 cl.
695 3217 753 3271 Vll.
773 3217 825 3271 vol
840 3231 881 3283 24,
901 3234 925 3270 n.
942 3231 1000 3270 222.
1039 3216 1090 3269 Die
1108 3215 1293 3269 Prisentation
1306 3213 1451 3268 Ghinuccis
1470 3232 1515 3268 zur
1526 3213 1619 3268 Kardi-

355 3306 505 3360 nalswurde
530 3306 612 3360 durch
636 3306 762 3360 Heinrich
777 3305 847 3359 VIII.
874 3305 992 3376 geschah
1019 3321 1078 3357 zum
1103 3303 1262 3357 erstennrale
1287 3303 1384 3357 bereits
1410 3304 1446 3355 im
1470 3302 1621 3356 Dezember

357 3396 432 3464 1528,
457 3413 477 3451 s.
497 3396 567 3450 oben
585 3395 633 3449 Nr.
655 3411 694 3463 35.
731 3393 918 3448 Vorstehende
937 3394 1062 3446 Antwort
1086 3392 1189 3445 scheint
1211 3391 1293 3445 daher
1315 3400 1398 3444 etwas
1419 3396 1564 3462 verspatet,
1588 3392 1620 3445 da

355 3483 401 3537 das
426 3484 511 3538 Breve
535 3484 582 3538 des
608 3484 718 3554 Papstes
744 3500 807 3537 vom
834 3497 875 3552 27.
901 3481 959 3535 Xll.
984 3483 1017 3550 (s.
1042 3481 1112 3534 oben
1138 3479 1184 3533 Nr.
1207 3482 1252 3549 37)
1276 3479 1349 3532 nicht
1373 3479 1412 3532 als
1436 3479 1561 3532 Antwort
1587 3497 1619 3532 am

354 3573 482 3627 Heinrich
492 3573 564 3628 vltt,
584 3572 675 3644 gelren
694 3572 770 3626 lrann.
804 3572 861 3625 Vor
879 3571 930 3624 den
950 3570 1060 3639 tibrigen
1073 3567 1326 3639 Angelegenheiten
1345 3574 1395 3620 trat
1415 3566 1482 3620 eben
1501 3566 1574 3620 diese
1594 3569 1619 3620 in

354 3660 405 3715 den
424 3661 617 3733 Hintergrund,
636 3661 770 3715 vielleicht
789 3660 856 3714 auch
879 3657 997 3723 deshalb,
1016 3657 1079 3710 weil
1098 3656 1155 3710 sich
1178 3656 1220 3709 die
1239 3673 1302 3708 vom
1321 3655 1418 3726 Papste
1443 3656 1620 3726 gewimscbte

354 3751 658 3818 RtrclrlrehrGhinuccis,
677 3752 761 3804 bezw.
781 3751 838 3803 sein
857 3746 991 3801 Abschied
1010 3763 1057 3799 aus
1075 3746 1190 3815 Spanien
1210 3745 1271 3797 sehr
1290 3749 1454 3814 verzogerte,
1474 3745 1512 3797 sei
1532 3759 1560 3797 es
1580 3745 1619 3798 in-

355 3840 428 3912 solge
451 3842 498 3895 der
517 3840 771 3912 Verwiclrelungen,
789 3837 895 3892 welche
918 3836 960 3889 die
984 3832 1299 3903 sranaosischenglische
1325 3831 1562 3903 Kriegserkldrung
1587 3850 1620 3886 an

354 3929 415 3984 Kar]
429 3931 462 3984 V.
481 3931 529 3985 mit
549 3930 605 3983 sich
624 3929 752 4000 gebracht
765 3928 846 3993 hatte,
866 3928 904 3980 sei
924 3942 952 3979 es
972 3942 1070 3995 wegen
1089 3923 1135 3977 der
1148 3922 1349 3991 Erwartungen‚
1369 3921 1411 3975 die
1426 3938 1488 3974 man
1507 3922 1533 3974 in
1546 3921 1619 3993 Eng-

353 4018 413 4072 lamd
433 4020 504 4073 noch
522 4036 555 4072 an
573 4018 718 4073 Ghinuccis
732 4016 888 4070 Aufenthnlt
907 4016 933 4068 in
952 4015 1068 4085 Spanien
1087 4011 1204 4082 kndpfre.
1241 4012 1301 4064 Erst
1320 4010 1429 4082 Ansang
1447 4011 1507 4081 Juni
1526 4010 1620 4065 erbielt

354 4124 383 4159 er
397 4108 453 4161 sein
466 4105 803 4177 Abberutungsschreiben,
823 4122 867 4158 am
883 4120 922 4157 12.
936 4104 996 4174 Juni
1011 4101 1126 4155 schreibt
1142 4117 1170 4153 er
1183 4101 1254 4154 noch
1268 4117 1315 4153 aus
1328 4098 1477 4153 Valladolid
1490 4099 1620 4167 (Brewer,

353 4194 398 4250 lV.
418 4214 443 4250 n.
461 4196 547 4265 5670),
567 4196 640 4250 scine
653 4193 771 4248 Ankunft
790 4195 816 4247 in
829 4191 951 4263 England
970 4191 1072 4261 ergiebt
1091 4191 1148 4243 sich
1167 4206 1213 4243 aus
1233 4189 1321 4242 einem
1336 4188 1480 4242 Schreiben
1491 4187 1619 4259 Wolseys

352 4301 416 4337 vom
437 4300 478 4354 27.
497 4285 548 4356 Juli
567 4285 631 4354 (Er,
650 4283 696 4339 IV.
718 4301 743 4336 n.
766 4284 858 4354 5797);
886 4280 1007 4352 zugleich
1026 4278 1082 4333 teilt
1102 4278 1215 4339 Wolsev
1239 4279 1265 4330 in
1284 4277 1386 4331 diesem
1405 4276 1549 4330 Schreiben
1568 4275 1619 4329 den

353 4373 507 4428 Gesandten
520 4392 552 4427 zu
562 4374 632 4427 Rom
645 4374 700 4437 mit,
714 4370 770 4425 dass
784 4371 852 4424 eben
861 4369 992 4423 Ghinucci
1005 4368 1042 4420 als
1055 4368 1136 4421 deren
1147 4364 1312 4436 Nachfolger
1325 4364 1393 4418 nach
1407 4364 1477 4417 Rom
1492 4363 1619 4417 kommen

353 4463 455 4525 werde,
479 4463 533 4517 und
556 4461 638 4516 durch
661 4461 734 4515 diese
754 4459 951 4528 Mitteilungen,
976 4456 1057 4509 durch
1079 4456 1184 4509 welche
1210 4454 1252 4507 die
1272 4453 1415 4507 Nacbricht
1435 4451 1619 4523 Campeggios

354 4569 416 4605 vom
439 4567 477 4605 12.
501 4551 555 4605 Mai
578 4551 662 4618 (oben
681 4551 707 4604 S.
727 4550 774 4617 80)
798 4548 924 4618 bestitigt
946 4546 1052 4611 wurde,
1075 4562 1139 4615 mag
1157 4543 1231 4597 wohl
1255 4543 1301 4596 das
1323 4540 1501 4595 vorstehende
1525 4540 1619 4607 Breve,

353 4641 448 4693 soweit
468 4640 514 4693 das
527 4640 626 4693 Datum
646 4640 671 4691 in
686 4637 810 4692 Betracht
828 4638 940 4701 kommt‚
959 4633 1100 4688 veranlasst
1115 4634 1180 4686 sein.
1218 4629 1357 4684 lnhaltlich
1376 4629 1478 4682 scheint
1497 4627 1619 4681 dasselbe

353 4729 509 4782 wesentlich
528 4728 611 4782 durch
629 4727 671 4781 die
690 4726 873 4780 [rbertriebene
892 4722 1063 4794 Gefdlligkeit
1083 4720 1135 4774 und
1153 4718 1351 4773 Liebedienerei
1365 4716 1509 4771 Ghinuccis
1529 4732 1618 4786 gegen

352 4817 477 4870 Heinrich
492 4817 572 4881 Vlll,
596 4814 758 4870 namentlich
778 4813 860 4868 durch
883 4813 957 4866 seine
976 4811 1067 4880 wenig
1086 4810 1242 4863 besonnene
1260 4805 1378 4875 haltung
1403 4805 1429 4856 iu
1448 4804 1552 4857 Sachen
1571 4804 1618 4857 des

353 4906 565 4979 Dispensbreves
585 4922 638 4959 von
651 4903 734 4976 Julius
747 4903 780 4956 ΙΙ.
800 4900 948 4971 begrtrndet
968 4918 998 4953 zu
1018 4900 1083 4952 sein.
1121 4898 1236 4959 Brewer,
1256 4894 1301 4948 IV.
1320 4911 1345 4947 n.
1363 4906 1437 4961 5471,
1453 4891 1527 4959 5621,
1544 4890 1618 4960 5865.

354 4996 379 5050 S.
399 4995 469 5048 oben
489 4996 514 5049 S.
535 5010 575 5064 79.
594 4992 741 5061 Anmerlrg.

303 5120 405 5171 iturea,
422 5120 547 5162 Rbmiaohe
563 5120 721 5162 Dolrumente.
1475 5112 1486 5148 ⁹
