3842 5592
261 324 326 397 1523
345 317 473 385 Ohtober.
1583 310 1626 380 47

362 488 442 542 Reise
460 488 507 542 des
520 487 658 544 Kardinals
677 490 746 544 nach
758 487 882 561 England
900 490 933 544 ist
946 486 1019 544 darin
1037 488 1086 544 mit
1105 484 1251 561 folgenden
1264 485 1378 545 Worten
1396 491 1627 563 ausgesprochen:

362 575 431 630 Cum
451 575 495 631 dil.
518 575 601 631 filium
621 576 791 632 Laurentium
812 621 818 634 .
838 622 844 634 .
865 622 870 634 .
891 621 897 634 .
917 578 1097 650 Campegium
1116 621 1122 632 .
1142 620 1149 634 .
1169 621 1175 633 .
1195 622 1201 633 .
1220 578 1254 632 ad
1273 577 1407 634 Carmum.
1431 580 1458 633 in
1477 578 1527 635 Ch.
1545 579 1581 637 fil.
1600 598 1627 635 n.

361 663 476 735 Angliae
494 681 587 736 regem
606 674 632 719 et
647 665 719 720 Fidei
731 666 911 722 Defensorem
929 667 1073 733 mittamus,
1093 676 1121 720 ut
1140 667 1218 721 certis
1237 669 1293 721 eius
1313 669 1381 722 curis
1400 677 1427 721 et
1445 670 1543 723 mentis
1561 668 1627 724 flue·

361 753 522 806 tuationibus
535 752 701 807 consolando
714 764 740 808 et
753 754 927 822 consulend0,
947 764 1074 827 quantum
1092 755 1118 807 in
1133 754 1252 809 Domino
1264 754 1374 823 licuerit,
1392 757 1533 827 prosimus.
1561 757 1627 811 Was

362 845 451 912 spater
474 840 555 895 Franz
576 842 594 897 1.
619 860 649 895 zu
673 841 735 895 dem
754 842 862 915 Herzog
880 860 935 897 von
959 841 1063 897 Suffolk
1086 843 1152 896 uber
1174 842 1247 897 seine
1267 841 1455 914 Unterredung
1477 846 1526 898 mit
1545 844 1627 898 Cam·

361 930 462 1001 peggio
486 929 619 1000 geaussert
644 931 730 985 haben
754 931 803 986 soll
822 932 909 1002 (State
927 932 1026 1003 Papers
1046 931 1104 986 VII.
1125 932 1183 1001 183,
1206 946 1231 996 4.
1251 932 1311 1002 Juni
1331 934 1412 1005 1529)
1434 931 1494 986 laisst
1520 932 1628 987 sowohl

362 1018 404 1071 bei
423 1017 485 1072 dem
504 1017 596 1089 Konig
614 1019 666 1073 wie
687 1019 730 1073 bei
748 1019 851 1074 Suifolk
874 1038 906 1074 zu
925 1020 987 1074 sehr
1010 1019 1052 1074 die
1070 1019 1183 1074 Absicht
1206 1019 1353 1087 erkennen‚
1378 1038 1422 1074 um
1442 1020 1480 1075 als
1502 1030 1628 1094 getreuer

362 1106 468 1161 Bericht
491 1105 582 1178 gelten
604 1125 637 1161 zu
659 1108 773 1163 konnen.
811 1098 884 1163 Uber
902 1108 1087 1180 Campeggios
1105 1108 1185 1163 Reise
1209 1107 1292 1162 durch
1310 1108 1382 1162 Paris
1401 1108 1484 1180 vergi.
1503 1109 1546 1163 die
1564 1109 1627 1163 Ein-

362 1192 464 1264 leitung
482 1194 536 1248 und
554 1195 622 1249 auch
640 1205 722 1250 unten
741 1196 788 1252 Nr.
807 1197 845 1250 xl
864 1196 911 1251 der
929 1195 1153 1267 Korrespondenz
1173 1196 1302 1251 Salviatis.

911 1408 975 1493 29.

646 1548 886 1637 Campeggio
909 1516 1044 1633 an³Jac.
1069 1547 1238 1617 Salviati.

511 1652 660 1722 London.
689 1676 749 1741 17,
777 1675 838 1740 19,
862 1658 914 1722 26.
939 1653 1004 1723 und
1028 1655 1079 1723 28.
1104 1654 1253 1722 Oktober
1279 1657 1372 1740 1528.

362 1792 479 1865 Ankunst
496 1797 524 1847 in
543 1794 658 1849 London.
700 1794 875 1849 Verschiedene
893 1795 1098 1867 Besprachungen
1116 1797 1164 1849 mit
1182 1795 1316 1849 Kardinal
1336 1796 1441 1868 Wolsey.
1474 1796 1628 1870 Schrvierige

259 1880 337 1952 Lage.
374 1882 500 1953 Drdngen
525 1884 590 1937 nach
612 1884 729 1955 boldiger
748 1883 936 1955 Entscheidung
959 1887 986 1937 in
1007 1883 1137 1954 Engiand.
1175 1884 1273 1937 Bistam
1288 1883 1450 1939 Winchestcr.
1487 1885 1552 1939 Eine
1566 1896 1628 1958 per·

258 1970 366 2023 senticae
385 1970 589 2042 Angelegenheit.

322 2182 324 2187 ,
363 2110 535 2198 Magnifice
558 2130 589 2180 et
613 2111 738 2180 illustris
755 2113 898 2180 Domine
921 2133 1082 2203 tamquam
1106 2133 1194 2202 pater
1218 2112 1416 2182 honorande.
1465 2113 1501 2181 lo
1524 2117 1628 2184 scrissi

258 2213 409 2285 aVostra
427 2217 574 2307 Signoria
596 2218 635 2286 da
658 2218 761 2307 Parigi
785 2223 826 2287 ne
849 2217 881 2286 di
903 2221 958 2308 poi
982 2219 1026 2286 ho
1042 2220 1151 2288 scritto
1171 2219 1257 2302 altra,
1281 2241 1316 2286 se
1331 2242 1398 2287 non
1416 2220 1474 2288 che
1491 2221 1628 2290 essendo

258 2334 345 2391 sotto
361 2322 488 2392 Londra
512 2348 530 2391 a
553 2335 678 2415 quattro
698 2325 806 2413 miglia
829 2337 861 2394 et
876 2324 1086 2409 intendendo,
1110 2325 1168 2393 che
1191 2349 1235 2393 un
1259 2327 1377 2393 corrier
1400 2349 1528 2413 passava
1547 2326 1628 2396 oltre

259 2450 315 2517 per
337 2428 432 2512 Italia,
455 2432 560 2498 scrissi
584 2431 761 2519 aMonsgr.
786 2429 818 2498 di
840 2429 945 2499 Feltro
954 2436 975 2514 ¹,
999 2455 1094 2499 come
1110 2432 1142 2498 io
1167 2454 1220 2499 era
1241 2443 1361 2499 venuto
1385 2431 1487 2515 sinii,
1512 2444 1627 2500 ernon

259 2537 303 2601 mi
326 2557 416 2623 parse
440 2536 609 2604 molestare
626 2537 666 2603 V.
683 2537 713 2607 S.
737 2536 916 2605 altrimente
932 2560 994 2606 con
1018 2539 1083 2606 mie
1100 2537 1210 2605 lettere
1227 2560 1295 2603 non
1311 2535 1458 2605 havendo
1482 2540 1630 2627 maggior

259 2654 369 2731 tempo
396 2641 424 2709 ai
447 2643 582 2710 scrivere
605 2646 647 2710 ne
670 2665 744 2711 cosa
767 2645 821 2732 piir
844 2645 1051 2732 importante3
1073 2644 1152 2711 hora
1167 2665 1251 2710 sono
1274 2666 1331 2732 per
1354 2641 1430 2709 darii
1454 2654 1554 2711 conto
1578 2643 1630 2712 del

259 2749 393 2835 seguit0.
440 2749 578 2816 Mercuri
611 2749 671 2817 che
703 2748 734 2816 su
768 2749 816 2816 alli
840 2748 910 2817 VII.
944 2748 981 2817 da
1012 2748 1085 2839 quei
1113 2748 1228 2837 luog0,
1261 2747 1369 2816 donde
1400 2750 1433 2815 io
1464 2750 1568 2817 scrissi
1600 2750 1629 2817 ai

258 2852 429 2936 Feltrense,
453 2855 563 2922 arrivai
586 2856 618 2922 in
643 2878 686 2922 un
709 2854 812 2943 borgo
836 2855 867 2923 di
891 2854 1019 2923 Londra
1042 2857 1074 2923 in
1098 2854 1242 2923 casadei
1270 2853 1350 2923 duca
1377 2853 1408 2922 di
1432 2854 1568 2938 Soffolc,
1598 2868 1629 2924 et

259 2956 375 3048 perche
399 2983 450 3028 era
474 2958 632 3043 ordinato,
657 2960 716 3028 che
739 2961 759 3028 ii
781 2962 898 3049 giorno
920 2980 1075 3049 seguente
1097 2963 1125 3029 si
1146 2959 1266 3029 facesse
1289 2960 1319 3028 la
1339 2973 1459 3029 entrata
1481 2960 1628 3030 solenne-

259 3077 378 3148 mente,
402 3065 574 3156 nellaquale
597 3090 713 3134 ancora
736 3068 849 3136 veniva
872 3067 893 3134 il
916 3069 1012 3137 Rm0.
1028 3067 1245 3151 Eboracense;
1268 3068 1346 3156 perd
1371 3066 1507 3135 essendo
1524 3067 1628 3136 molto

260 3190 381 3241 stracco
406 3184 437 3240 et
453 3171 574 3240 battuto
591 3172 671 3241 dalle
685 3185 777 3262 gotte
800 3173 832 3241 di
855 3186 952 3257 sorte,
977 3174 1062 3242 ch'io
1086 3196 1154 3241 non
1168 3185 1284 3262 poteva
1306 3185 1389 3242 stare
1412 3177 1454 3241 ne
1477 3174 1508 3240 in
1524 3173 1629 3242 lettica

260 3280 301 3345 nd
324 3301 341 3346 a
364 3277 483 3346 cavallo
506 3282 547 3346 ne
571 3279 757 3348 aitramente
780 3303 873 3348 senza
895 3303 974 3368 gran
997 3303 1079 3369 pena
1103 3296 1134 3347 et
1158 3277 1281 3360 dolore,
1304 3280 1390 3348 stetti
1413 3278 1515 3369 quella
1537 3292 1629 3348 notte

260 3394 292 3451 et
314 3386 401 3475 quasi
424 3396 507 3453 tutto
531 3384 552 3451 il
579 3386 697 3473 giorno
721 3398 875 3474 seguente
898 3387 930 3453 in
954 3385 1056 3476 quella
1084 3408 1154 3453 casa
1177 3397 1210 3453 et
1231 3383 1398 3468 vedend0,
1428 3384 1487 3453 che
1509 3408 1577 3452 non
1600 3386 1629 3454 ci

261 3513 311 3558 era
334 3489 436 3559 modo
460 3489 492 3558 di
514 3509 607 3579 poter
629 3510 775 3560 sostener
798 3491 826 3559 ta
849 3493 924 3559 noia
947 3489 979 3559 di
1002 3490 1105 3581 quella
1128 3491 1313 3574 cerimonia,
1337 3513 1431 3579 sopra
1454 3514 1523 3558 sera
1545 3489 1585 3558 de
1608 3490 1629 3558 li

260 3607 386 3685 portato
409 3595 438 3664 al
460 3596 558 3665 frume
581 3599 614 3664 in
638 3622 700 3665 una
722 3597 814 3666 barca
836 3599 937 3686 passai
959 3596 1021 3665 allo
1049 3596 1314 3685 alloggiamento,
1343 3595 1402 3664 che
1432 3597 1477 3664 mi
1501 3619 1553 3664 era
1575 3594 1629 3665 de-

260 3704 399 3791 signat0,
428 3703 499 3771 ciod
527 3726 568 3770 ne
598 3702 626 3770 le
650 3726 721 3771 case
749 3702 780 3771 di
811 3703 1024 3771 Bathoniense
1051 3726 1144 3770 senza
1173 3701 1253 3769 altro
1282 3703 1414 3790 strepito
1446 3726 1468 3770 o
1500 3724 1629 3792 pompa.

258 3807 353 3878 Dove
375 3809 447 3876 sino
471 3808 520 3876 all'
537 3809 615 3876 hora
638 3832 699 3876 son
722 3822 805 3878 stato
830 3821 861 3878 et
877 3832 960 3877 sono
985 3810 1018 3876 in
1034 3807 1112 3877 letto
1130 3831 1192 3876 con
1208 3809 1386 3896 gravissimi
1405 3806 1510 3875 dolori
1525 3808 1629 3876 molto

259 3915 417 4004 maggiori
446 3914 498 3982 del
525 3914 621 3983 solito
650 3939 706 4004 per
735 3915 929 4003 i'agitatione
958 3927 990 3983 et
1017 3913 1230 3982 incommodo
1259 3912 1310 3981 del
1337 3916 1481 4001 viaggio‚
1509 3934 1541 3983 et
1569 3913 1629 3983 dati

259 4020 341 4110 quali
364 4044 432 4088 non
448 4043 485 4088 so
502 4044 618 4089 ancora
636 4020 768 4110 quando
789 4023 861 4089 sard
876 4033 966 4090 tanto
990 4019 1100 4104 libem,
1125 4020 1209 4088 ch'io
1232 4042 1327 4108 possa
1343 4018 1440 4087 andar
1463 4022 1630 4090 asalutare

259 4127 287 4194 la
309 4128 431 4195 Maesta
454 4126 505 4195 del
527 4151 571 4196 re.

363 4233 492 4315 Questo
520 4234 616 4302 Rmo.
646 4244 677 4302 et
703 4233 806 4302 Illmo.
840 4233 861 4301 il
890 4235 1008 4321 giorno
1039 4244 1192 4321 seguente
1221 4256 1327 4301 venne
1356 4257 1374 4301 a
1402 4234 1565 4316 visitarmi,
1598 4246 1630 4302 et

258 4338 381 4407 benche
403 4341 545 4428 pensassi
569 4352 600 4408 et
622 4339 824 4423 desiderassi,
852 4338 911 4407 che
935 4362 1002 4406 non
1025 4338 1157 4406 havesse
1180 4361 1198 4406 a
1220 4340 1413 4427 ragionarmi
1441 4337 1473 4406 di
1496 4341 1629 4427 negotii,

259 4466 317 4532 pur
339 4443 427 4533 dopo
451 4445 480 4512 ie
502 4447 604 4534 prime
628 4446 736 4534 parole
765 4444 804 4513 de
828 4446 857 4513 le
881 4448 973 4515 visite
986 4447 1089 4513 'entrd
1117 4467 1159 4512 ne
1182 4445 1210 4512 la
1240 4447 1371 4512 materia
1393 4443 1484 4512 dela
1512 4456 1630 4512 venuta

260 4551 322 4617 mia
345 4562 377 4618 et
399 4551 616 4635 mostrommi,
647 4574 741 4619 come
764 4574 821 4639 per
850 4569 1034 4619 mantenere
1063 4563 1094 4618 et
1122 4572 1300 4618 accrescere
1324 4551 1377 4640 qui
1404 4549 1560 4617 l'autoritd
1589 4549 1629 4618 de

259 4655 287 4722 la
309 4655 392 4725 Sede
414 4655 600 4745 Apostolica
624 4670 656 4725 et
678 4656 708 4725 di
732 4657 774 4726 N.
798 4657 935 4746 Signore
964 4681 1027 4725 con
1056 4657 1134 4743 ogni
1161 4654 1267 4723 studio
1296 4655 1394 4724 havea
1421 4676 1572 4743 persuaso
1600 4655 1630 4722 al

259 4783 293 4828 re
315 4785 333 4829 a
355 4761 538 4831 dimandare
561 4786 604 4830 un
628 4762 734 4851 legato
757 4786 775 4831 a
797 4776 911 4852 questo
935 4786 994 4832 suo
1017 4759 1176 4829 desiderio
1200 4772 1232 4829 et
1254 4760 1418 4850 scrupulo,
1442 4759 1501 4828 che
1525 4761 1563 4829 ha
1587 4784 1629 4830 ne

261 4889 472 4899 -.--...-.-.-.-

367 4966 374 4994 ¹
393 4956 514 5013 Thomas
534 4956 713 5028 Campeggio,
733 4955 833 5011 Bruder
850 4956 897 5010 des
915 4955 1063 5023 Kardinais,
1082 4954 1195 5010 Bischof
1210 4954 1267 5009 von'
1282 4952 1377 5010 Feltre.
