3836 5598
301 350 361 413 156
1521 365 1571 436 Juli
1593 380 1668 434 1530·

404 524 465 579 Vol.
479 524 542 578 XIV
557 524 603 577 der
622 523 727 578 Lettere
747 524 772 577 di
792 524 905 594 Principi
924 523 969 578 sol.
989 522 1041 588 646
1060 541 1107 596 sq,
1126 526 1159 578 ist
1179 526 1246 579 auch
1265 525 1375 579 deshalb
1394 526 1456 579 sehr
1468 526 1587 597 wichtig,
1606 524 1668 578 weil

405 629 433 666 es
453 614 478 666 in
491 612 631 666 durchaus·
641 612 755 683 rubiger,
775 612 923 666 sachlicher
935 612 1107 684 Darstellung
1126 614 1177 666 den
1191 612 1303 667 Verlauf
1318 612 1365 667 der
1379 631 1482 685 gamen
1494 613 1668 684 Angelegen-

403 701 458 755 heit
477 702 516 754 bis
536 718 566 753 zu
585 699 648 753 dem
667 700 832 771 ptpstlichen
852 700 937 753 Breve
957 717 1020 754 vom
1041 716 1064 769 7.
1084 699 1205 755 Olrtober
1227 716 1293 773 1529
1313 701 1494 774 wiedergiebt.

953 933 1019 1014 88.

404 1091 559 1162 Durlegung
577 1092 619 1144 des
638 1090 769 1160 Verlauses
786 1091 832 1143 der
852 1088 929 1143 Sache
948 1091 1001 1142 aad
1020 1090 1228 1161 Rechtsertigung
1246 1092 1289 1144 des
1308 1091 1414 1162 Papstes.

403 1232 453 1298 De
477 1254 562 1298 anno
583 1250 675 1316 1527.
721 1231 808 1297 Dum
831 1251 913 1298 esset
936 1233 968 1297 in
993 1254 1063 1298 arce
1080 1231 1111 1297 S.
1128 1232 1242 1318 Angeli
1265 1230 1419 1299 Sanctitas
1435 1233 1560 1313 Vestra,
1583 1233 1669 1300 venit

299 1337 336 1404 ad
362 1362 430 1405 eam
455 1338 559 1426 regius
583 1339 767 1405 secretarius
791 1361 849 1425 pro
874 1337 1109 1426 dispensatione
1133 1350 1165 1405 et
1187 1338 1270 1404 illam
1295 1337 1457 1405 obtinuit.l

404 1446 518 1511 Postea
542 1442 581 1511 de
604 1467 690 1510 anno
718 1445 811 1529 1528,
840 1441 916 1510 dum
941 1456 1023 1511 esset
1046 1445 1078 1509 in
1103 1443 1299 1526 Urbeveteri,
1330 1446 1416 1510 missi
1440 1443 1575 1511 suntad
1599 1467 1667 1510 earn

299 1562 441 1618 oratores
466 1552 555 1637 regui
579 1551 634 1616 Dr.
659 1550 836 1638 Stephanus
860 1563 891 1616 et
913 1550 970 1616 Dr.
995 1550 1072 1631 Pon,
1096 1552 1149 1638 qui
1173 1550 1331 1638 petebant,
1359 1550 1628 1638 dispensationem
1653 1573 1670 1615 a

298 1679 340 1721 sa.
366 1680 462 1723 mern.
510 1655 589 1723 Iulio
614 1655 776 1724 obtentam
807 1655 1021 1745 subreptitiam
1047 1668 1078 1724 et
1102 1658 1340 1723 matrimonium
1365 1656 1486 1724 nullum
1511 1655 1670 1735 declarari,

299 1763 370 1851 quia
393 1760 472 1829 duae
497 1786 607 1830 causae
631 1764 662 1828 in
688 1785 723 1828 ea
748 1785 912 1850 expressae
938 1760 1030 1829 falsae
1054 1761 1344 1849 praetenderentur,
1369 1762 1514 1830 videlicet
1537 1783 1670 1848 compo·

299 1867 422 1936 nendae
450 1869 535 1956 pacis
562 1869 644 1934 inter
671 1892 763 1956 reges
787 1888 817 1935 et
841 1870 983 1955 reginam
1009 1867 1180 1950 Elisabeth,
1210 1892 1282 1935 curn
1306 1871 1387 1936 inter
1411 1893 1467 1935 eos
1496 1891 1668 1956 numquam

299 1972 392 2040 fuerit
421 1973 591 2055 discordia,
617 2015 657 2023 -
687 1986 718 2041 et
746 1975 818 2062 quia
847 1975 1002 2041 Henricus
1032 1973 1204 2063 dispensari
1236 1974 1426 2063 supplicabat
1457 1997 1515 2062 pro
1547 1984 1670 2040 contra-

300 2077 407 2145 hendo
431 2081 648 2161 matrimonio,
678 2104 750 2148 curn
774 2081 837 2147 hoc
868 2092 975 2147 tamen
998 2079 1109 2148 falsum
1135 2093 1232 2161 esset,
1261 2083 1333 2171 quia
1355 2093 1430 2149 tunc
1455 2101 1519 2148 erat
1547 2080 1594 2146 XI
1617 2103 1670 2146 an-

299 2207 431 2265 norum,
463 2197 494 2252 et
516 2187 560 2252 sic
584 2187 745 2274 impotens
769 2185 807 2253 ad
833 2184 1103 2267 contrabendum,
1127 2199 1159 2253 et
1183 2188 1248 2273 ipse
1273 2209 1446 2276 numquam
1475 2185 1670 2273 supplicavit,

299 2287 356 2356 sed
383 2303 471 2377 pater
499 2294 574 2359 eius.
621 2291 659 2359 Et
686 2292 760 2359 hinc
783 2293 916 2378 insurgit
946 2294 1036 2360 tertia
1065 2315 1156 2359 causa
1186 2293 1385 2360 invaliditatis
1416 2291 1670 2380 dispensationis,

300 2398 369 2483 quia
394 2420 465 2463 cum
490 2409 636 2485 tempore
660 2397 903 2486 dispensationis
926 2410 1055 2485 propter
1080 2397 1238 2465 defectum
1268 2400 1376 2466 aetatis
1401 2410 1482 2465 esset
1511 2400 1671 2485 impotens

299 2499 338 2567 ad
362 2503 615 2570 contrabendum
644 2505 899 2585 matrimonium,
924 2502 1128 2591 dispensatiO,
1152 2528 1231 2592 quae
1255 2528 1271 2570 a
1295 2505 1450 2592 principio
1476 2527 1541 2570 non
1566 2503 1670 2585 valuit,

300 2631 366 2674 non
389 2612 492 2697 potuit
516 2611 759 2698 superveniente
782 2623 883 2678 aetate
899 2609 1129 2677 convalescere.
1176 2611 1214 2677 Et
1234 2623 1320 2678 extra
1342 2609 1436 2677 breve
1461 2609 1671 2699 allegabantur

300 2714 394 2780 etiam
419 2714 498 2781 duae
525 2716 601 2783 aliae
626 2740 745 2784 causae.
791 2717 909 2797 Prima,
938 2718 1010 2805 quia
1034 2717 1226 2804 dispensatio
1251 2717 1288 2784 ab
1311 2718 1452 2784 Henrico
1481 2740 1547 2783 non
1571 2715 1672 2783 fuerat

300 2832 473 2908 acceptata,
501 2823 603 2888 immo
633 2821 801 2904 dicebatur,
833 2822 918 2911 quod
948 2835 1058 2888 contra
1088 2821 1170 2889 illam
1200 2838 1265 2889 erat
1296 2834 1497 2910 protestatus,
1527 2821 1613 2911 quod
1643 2825 1670 2888 ei

300 2950 366 2993 non
392 2927 609 2995 consentiebat
617 2955 625 3011 ;
659 2927 807 3008 secunda,
831 2930 902 3016 quia
921 2941 1067 3016 tempore
1084 2930 1237 2997 contracti
1263 2930 1456 2997 matrimonii
1480 2952 1570 2996 causa
1586 2929 1670 3016 pacis

301 3032 544 3120 componendae
569 3035 764 3122 interreges
789 3047 819 3100 et
842 3036 996 3122 reginam,
1021 3059 1102 3102 cum
1118 3036 1226 3122 regina
1246 3033 1401 3102 Elisabeth
1427 3037 1487 3101 iam
1512 3047 1594 3102 esset
1619 3034 1671 3101 de·

300 3136 420 3219 functa,
445 3138 687 3228 (cessaverat)²;
722 3152 889 3228 propterea
919 3140 1067 3233 petebant
1095 3154 1253 3222 oratores,
1282 3144 1308 3207 si
1337 3143 1377 3209 ita
1407 3143 1603 3229 reperiretur,
1633 3165 1671 3207 ex

301 3267 385 3310 nunc
410 3243 555 3311 declarari
580 3269 636 3333 per
659 3246 863 3313 Sanctitatem
880 3248 1043 3328 Vestram,
1068 3245 1337 3336 dispensationem
1363 3271 1432 3314 esse
1455 3246 1670 3336 subreptitiam

301 3368 331 3416 et
356 3352 595 3419 matrimonium
620 3351 802 3420 invalidum.

405 3457 444 3524 Et
470 3460 613 3546 quamvis
641 3459 794 3526 Sanctitas
813 3460 926 3527 Vestra
955 3460 986 3525 in
1016 3460 1164 3527 omnibus
1197 3460 1286 3527 licitis
1316 3479 1346 3527 et
1377 3460 1519 3526 honestis
1549 3458 1671 3545 placere

300 3565 404 3650 regiae
428 3564 583 3631 Maiestati
612 3564 818 3647 desideraret,
846 3578 969 3647 tamen,
998 3568 1069 3654 quia
1094 3579 1158 3632 erat
1186 3567 1245 3633 iuri
1269 3578 1299 3633 et
1323 3567 1437 3633 rationi
1466 3565 1670 3645 contrarium,

300 3668 387 3756 quod
415 3689 502 3757 parte
533 3693 598 3736 non
629 3673 720 3738 citata
748 3695 806 3738 nec
835 3671 938 3739 audita
965 3674 1007 3739 ita
1035 3674 1302 3760 pronuntiaretur,
1334 3673 1395 3739 hoc
1423 3670 1480 3738 luit
1509 3683 1669 3759 negatum.

300 3776 431 3863 insuper
448 3798 554 3842 causas
570 3778 777 3863 surreptionis
794 3789 825 3844 et
841 3777 1039 3844 invaliditatis
1056 3775 1300 3865 dispensationis
1317 3801 1333 3843 a
1351 3777 1534 3844 consiliariis
1551 3777 1668 3844 Sancti-

301 3882 371 3948 tatis
383 3882 526 3961 Vestrae,
550 3883 602 3969 qui
625 3880 748 3949 fuerant
763 3883 915 3971 plurimi,⁸
938 3907 1005 3951 non
1025 3883 1217 3951 habebantur
1241 3886 1376 3950 omnino
1393 3906 1451 3971 pro
1468 3883 1616 3971 legitimis
1641 3894 1671 3949 et

301 3984 536 4067 sufficientibus,
562 3986 645 4053 unde
662 3988 814 4055 Sanctitas
831 3990 943 4055 Vestra
968 3988 1007 4055 de
1024 3991 1103 4056 scitu
1120 4001 1283 4057 oratorum
1301 3989 1458 4055 consuluit
1476 4001 1506 4055 et
1523 3986 1670 4055 doctores

300 4092 480 4173 Perusinos,
505 4116 585 4182 quos
609 4092 647 4159 ad
670 4117 704 4160 se
720 4096 855 4176 vocavit,
880 4096 932 4182 qui
956 4097 1054 4182 ignari
1079 4097 1239 4183 opinionis
1264 4093 1433 4163 doctorum
1457 4095 1668 4161 assistentium

301 4197 461 4265 Sanctitati
486 4198 619 4266 Vestrae
642 4201 673 4266 in
699 4199 833 4268 eandem
858 4202 1047 4268 sententiam
1072 4215 1301 4269 convenerunt.

406 4303 558 4372 Petebant
581 4304 723 4372 secundo
740 4318 893 4388 oratores,
917 4309 1105 4375 sententiam
1124 4306 1249 4375 divortii
1265 4307 1427 4375 ferendam
1453 4330 1592 4374 exnunc
1616 4330 1671 4394 per

301 4411 503 4478 Sanctitatem
518 4412 665 4478 Vestram
691 4410 882 4495 confirmari,
907 4412 993 4501 quod
1018 4415 1112 4480 etiam
1128 4413 1281 4482 Sanctitas
1297 4415 1411 4480 Vestra
1434 4412 1535 4480 facere
1560 4413 1670 4494 noluit,

408 4640 561 4694 ¹Gemeint
585 4642 617 4694 ist
642 4641 683 4695 die
707 4642 834 4713 Senduug
858 4642 904 4695 des
928 4642 1063 4695 Selrretars
1083 4643 1125 4696 W.
1151 4643 1260 4713 Knight.
1298 4644 1324 4697 S.
1348 4644 1437 4696 meine
1456 4642 1596 4696 Aufsatze:
1621 4644 1672 4696 Die

302 4710 449 4780 papstliche
467 4712 610 4765 Deiretale
629 4729 652 4768 a.
672 4730 694 4766 a.
715 4711 749 4767 Ο.
769 4713 795 4766 8.
816 4727 863 4780 225
885 4711 902 4766 f.
1756 4720 1759 4729 “

408 4787 419 4818 ²
441 4782 477 4835 Zu
500 4781 551 4835 den
576 4782 731 4853 englischen
755 4783 919 4836 Einwanden
945 4801 980 4854 ge
1002 4800 1034 4837 en
1058 4783 1100 4837 die
1118 4784 1251 4855 Dispense
1270 4784 1361 4854 Julius'
1380 4785 1413 4839 ΙΙ.
1434 4784 1586 4855 vergleiche
1610 4802 1672 4838 man

301 4850 348 4903 das
367 4852 506 4905 consilium
526 4870 605 4975 super
624 4871 701 4906 causa
720 4853 877 4925 Anglicana,
896 4854 967 4907 oben
1002 4853 1032 4909 lr.
1056 4870 1086 4926 19
1106 4854 1158 4908 und
1176 4855 1219 4908 die
1239 4855 1442 4927 Remerlrungen
1461 4855 1534 4909 daau.

407 4929 418 4959 ³
436 4922 502 4976 Also
515 4924 557 4976 nic

347 4993 352 5002 Ι
371 4991 400 5047 ht
577 4923 670 4976 tbloss
688 4923 767 4977 those
787 4923 840 4977 few
859 4940 921 4978 men
941 4924 973 4978 ol
988 4942 1077 4996 yours,
1096 4942 1150 4979 von
1168 4925 1256 4978 denen
1274 4925 1321 4978 das
1338 4925 1483 4979 Schrelbeu
1502 4926 1548 4979 des
1568 4926 1672 4998 Kouigs

301 5007 369 5064 spnc
403 5035 408 5046 .
