3836 5598
262 385 327 437 153⁰
345 370 502 424 Dezember.
1569 360 1626 420 171

258 552 397 596 canones
428 527 588 619 quibusvis
620 528 740 617 legibus
770 531 864 597 etiam
894 529 1033 597 eiusdem
1064 532 1153 619 regni
1181 530 1359 620 praevalere
1388 529 1513 598 debent.
1560 531 1630 598 Nec

257 636 394 722 suspicio
422 659 439 700 a
467 636 576 722 regina
604 633 735 724 allegata
763 637 805 703 ita
836 636 950 703 iniusta
974 655 1020 703 est
1044 649 1096 704 aut
1120 637 1217 719 nuda,
1246 650 1281 704 ut
1310 657 1343 704 tu
1372 635 1494 719 scribis;
1528 637 1629 703 immo

258 740 328 809 licet
358 740 397 807 ad
426 764 495 808 eam
523 741 717 829 probandam
748 742 788 808 de
816 743 883 809 iure
912 740 1044 810 sufficiat
1072 745 1234 832 proprium
1267 746 1494 824 iuramentum,
1521 755 1629 810 umen

257 869 365 934 preces
388 857 471 929 tuae,
494 860 623 915 tuorum
648 846 803 915 nobilium
826 860 857 916 et
880 850 963 937 regis
980 848 1250 931 christianissimi,
1274 862 1308 917 ut
1330 851 1373 916 ita
1392 847 1564 916 dixerimus
1588 849 1629 916 ita

258 955 439 1041 importune
459 953 565 1020 locum
590 952 695 1022 iudicii
711 956 744 1020 in
768 954 883 1043 Anglia
898 966 1054 1042 petentes,
1078 956 1292 1043 suspicionem
1317 957 1445 1044 reginae
1461 952 1628 1022 iustificare

256 1058 413 1140 videntur,
444 1082 503 1127 nec
535 1062 710 1128 necessarie
743 1062 893 1150 sequitur,
926 1060 1014 1150 quod
1047 1060 1121 1129 dato
1157 1063 1225 1128 sine
1257 1060 1449 1150 praeiudicio
1479 1061 1629 1142 veritatis,

257 1165 344 1254 quod
369 1190 405 1233 ex
430 1165 549 1234 actibus
573 1167 765 1235 iudicialibus
789 1170 820 1234 in
837 1167 953 1257 Anglia
976 1166 1171 1256 probaretur,
1195 1167 1328 1235 liberum
1351 1167 1447 1235 fuisse
1465 1165 1629 1248 iudicium,

257 1284 363 1339 tamen
387 1272 595 1359 postmodum
621 1273 794 1360 legitimam
819 1275 1032 1362 suspicionem
1058 1297 1096 1340 ex
1119 1296 1270 1362 processu
1294 1275 1447 1363 temporis
1464 1274 1539 1340 oriri
1562 1296 1629 1340 non

257 1399 362 1464 posse,
385 1381 567 1466 praesertim
593 1403 665 1446 cum
689 1379 807 1447 litteras
832 1400 966 1462 nostras,
991 1393 1022 1448 et
1047 1381 1203 1448 citatorias
1219 1400 1312 1470 atque
1329 1378 1534 1461 inhibitorias,
1550 1398 1629 1447 tam-

257 1506 350 1572 quam
373 1483 412 1551 ad
436 1508 571 1573 regnum
594 1505 684 1553 tuum
707 1497 777 1554 tuto
801 1484 913 1553 deferri
937 1510 1003 1553 non
1033 1499 1174 1575 possent,
1196 1509 1252 1574 per
1276 1485 1414 1554 edictum
1439 1486 1550 1574 exequi
1575 1508 1630 1552 ne·

257 1611 344 1657 cesse
367 1589 433 1658 luit.

362 1714 461 1797 Quod
493 1736 599 1783 autem
631 1714 737 1784 multis
765 1716 867 1784 verbis
896 1718 1069 1806 quaereris,
1097 1716 1253 1805 postulata
1280 1729 1333 1783 tua
1364 1714 1403 1783 de
1433 1713 1628 1782 remittendo

257 1843 383 1887 causam
404 1822 495 1888 istam
519 1823 551 1888 in
574 1822 723 1910 Angliam
747 1824 863 1891 reiecta
885 1821 995 1904 fuisse,
1025 1820 1258 1911 respondemus
1288 1844 1398 1890 vemm
1427 1844 1513 1901 esse,
1542 1820 1629 1910 quod

257 1927 329 1994 Pius
359 1927 397 1995 II.
429 1928 653 2016 praedecessor
681 1949 790 1998 noster
818 1928 954 2011 dicebat,
984 1930 1148 1996 neminem
1176 1929 1282 1996 minus
1310 1929 1476 1996 veritatem
1510 1925 1628 2008 audire,

257 2055 351 2122 quam
374 2033 529 2122 publicam
554 2047 757 2124 potestatem,
781 2058 861 2126 quae
885 2047 1004 2127 quanto
1033 2036 1135 2103 maior
1164 2047 1226 2117 est,
1254 2045 1343 2102 tanto
1373 2034 1474 2122 magis
1503 2032 1626 2100 fallitur.

256 2140 340 2207 Nam
364 2141 390 2207 si
414 2161 557 2210 oratores
572 2143 617 2210 tui
642 2143 691 2210 hic
710 2142 793 2232 apud
808 2166 870 2211 nos
886 2142 942 2210 tibi
958 2141 1149 2224 retulissent,
1173 2139 1329 2230 postulata
1343 2152 1397 2208 tua
1416 2152 1447 2208 et
1463 2140 1627 2207 Christmi.

256 2248 339 2334 regis
362 2269 429 2314 non
453 2250 562 2316 omnia
585 2249 709 2331 reiecta,
733 2248 789 2317 sed
805 2248 844 2316 ad
868 2248 1036 2316 consilium
1053 2248 1084 2316 S.
1101 2248 1139 2317 R.
1156 2248 1189 2315 E.
1215 2246 1417 2315 cardinalium
1435 2258 1466 2314 et
1482 2257 1627 2314 nostrum

257 2354 387 2420 remissa
411 2351 506 2421 fuisse
530 2354 742 2438 discutienda3
767 2354 938 2423 honestum
963 2356 1048 2422 enim
1073 2353 1140 2437 fuit,
1164 2365 1199 2421 ut
1221 2354 1301 2420 sicut
1321 2353 1508 2420 commissio
1532 2351 1629 2420 advo-

257 2461 384 2541 catoria,
409 2472 442 2527 ut
465 2460 686 2549 praediximus,
718 2485 791 2529 cum
815 2460 1000 2550 plenissimo
1029 2461 1174 2529 examine
1198 2460 1368 2548 processit,
1397 2459 1440 2526 ita
1469 2459 1545 2526 haec
1576 2478 1628 2526 tua

256 2565 426 2653 postulatio
451 2566 624 2654 procedere
641 2566 783 2650 debebat,
806 2591 849 2635 sc.
867 2580 901 2635 ut
916 2570 1036 2636 vocatis
1052 2566 1189 2656 partibus
1208 2578 1273 2633 tam
1293 2567 1324 2632 in
1341 2566 1510 2653 signatura,
1533 2587 1629 2654 quam

257 2673 349 2740 etiam
385 2674 417 2739 in
450 2684 563 2740 nostro
595 2674 787 2741 consistorio
819 2674 974 2762 postulata
1004 2691 1058 2741 tua
1089 2671 1270 2741 huiusmodi
1302 2673 1566 2753 examinarentur,
1598 2684 1629 2739 ct

258 2780 395 2868 aequitas
419 2802 453 2845 ac
479 2779 625 2846 naturalis
648 2781 739 2861 ratio,
763 2803 857 2868 quam
880 2780 1011 2869 allegas,
1040 2781 1071 2846 in
1094 2781 1244 2847 trutinam
1268 2780 1429 2860 venirent,
1458 2800 1517 2845 nec
1545 2777 1629 2866 prin-

259 2886 363 2973 cipum
387 2898 440 2953 aut
464 2887 599 2954 cuiusvis
622 2888 731 2974 gratia,
754 2886 810 2954 sed
834 2887 950 2954 iustitia
978 2885 1138 2955 mediante
1160 2884 1395 2975 procederetur.
1441 2885 1518 2952 Non
1543 2887 1629 2951 enim

259 2994 423 3059 consuevit
447 2991 545 3059 Sedes
561 2992 745 3079 Apostolica
768 2995 800 3060 in
824 2994 924 3061 causis
940 2992 1096 3080 gravibus,
1120 2992 1218 3083 qualis
1234 3004 1281 3060 est
1296 2993 1364 3073 ista,
1387 2990 1503 3081 aliquid
1519 2992 1629 3057 incon·

259 3095 337 3164 sulte
369 3110 421 3166 aut
449 3099 586 3186 partibus
616 3122 683 3166 non
714 3099 826 3167 auditis
855 3098 1042 3181 decernere,
1073 3122 1178 3189 neque
1208 3097 1385 3166 Bernardus
1413 3120 1507 3186 quem
1542 3097 1628 3179 citas,

258 3204 357 3271 reiicit
372 3206 467 3272 iustas
484 3204 719 3294 appellationes,
744 3205 800 3274 sed
816 3205 1026 3273 calumniosas
1050 3218 1081 3273 et
1097 3192 1318 3286 frustratorias,
1341 3202 1428 3293 quod
1444 3226 1506 3271 nos
1524 3206 1629 3282 etiam,

258 3311 283 3375 si
308 3333 397 3378 casus
421 3310 584 3394 incideret,
608 3310 800 3396 faceremus,
830 3335 889 3379 nec
920 3312 1090 3379 concilium
1115 3336 1130 3378 a
1155 3332 1186 3379 te
1211 3310 1379 3399 allegatum
1403 3311 1502 3377 reiicit
1530 3311 1629 3397 suspi-

259 3417 385 3485 cionem
403 3419 528 3500 iustam,
552 3418 680 3507 quaein
697 3442 731 3486 se
748 3419 840 3486 habet
856 3417 1029 3486 naturalem
1046 3420 1214 3499 rationem,
1239 3440 1297 3484 nec
1314 3417 1443 3483 reiicere
1460 3414 1628 3483 debuisset.

258 3523 342 3590 Nam
366 3523 452 3612 quod
476 3525 578 3612 ipsum
604 3523 773 3592 concilium
798 3538 869 3592 ate
893 3527 1022 3592 citatum
1047 3523 1132 3603 dicit,
1156 3522 1187 3590 id
1210 3524 1313 3611 ipsum
1340 3535 1371 3589 et
1395 3523 1469 3588 iuris
1493 3519 1629 3589 consulti

260 3648 290 3694 et
319 3652 459 3697 canones
488 3629 661 3713 affirmant,
693 3654 762 3697 non
789 3645 896 3699 tamen
925 3631 1103 3697 reiicientes
1132 3641 1298 3717 propterea
1326 3628 1501 3716 legitimam
1530 3628 1629 3716 suspi-

259 3735 402 3816 cionem,
433 3759 528 3825 quam
552 3738 647 3804 etiam
671 3760 727 3825 per
750 3737 915 3826 proprium
943 3737 1155 3803 iuramentum
1184 3733 1309 3823 probari
1339 3755 1433 3822 posse
1462 3732 1629 3801 manifeste

258 3842 414 3923 sentiunt3
438 3865 497 3909 nec
522 3841 603 3910 dicta
626 3841 815 3910 Sanctorum
839 3844 871 3909 in
896 3840 1095 3930 processibus
1119 3862 1281 3908 causarum
1310 3838 1488 3926 praevalere
1512 3837 1628 3906 debent

260 3969 418 4014 canonum
444 3959 474 4015 et
497 3946 689 4015 Pontificum
714 3947 959 4016 auctoritatibus.

361 4070 462 4153 Quod
492 4094 569 4139 vero
601 4096 725 4139 causam
757 4074 789 4138 in
813 4072 929 4160 Anglia
956 4073 1228 4154 commiserimus,
1258 4094 1322 4161 quo
1353 4071 1384 4138 id
1413 4072 1520 4138 animo
1549 4069 1629 4138 fece-

260 4178 366 4261 rimus,
389 4179 532 4266 superius
555 4179 610 4246 tibi
634 4178 871 4266 explicavimus;
896 4202 995 4246 unum
1019 4191 1126 4245 tamen
1150 4202 1216 4245 non
1234 4179 1431 4259 omittemus,
1455 4188 1528 4244 tuos
1553 4199 1629 4243 con·

259 4283 401 4365 siliarios,
436 4285 510 4374 quin
541 4286 646 4372 potius
677 4283 854 4352 adulatores
883 4283 1041 4352 induxisse
1071 4295 1118 4366 te,
1154 4297 1186 4352 ut
1222 4284 1346 4371 collegii
1382 4285 1559 4371 signaturae
1596 4295 1626 4349 et

259 4391 449 4457 sacrosancti
465 4402 591 4458 senatus
609 4390 812 4458 cardinalium
829 4414 864 4458 ac
881 4411 1026 4459 nostrum
1043 4392 1158 4479 pariter
1174 4389 1324 4457 iudicium
1341 4391 1427 4478 quasi
1446 4399 1628 4476 suspectum

260 4494 393 4584 refugias
402 4503 421 4577 ¹,
446 4519 511 4563 non
536 4496 712 4579 attendens,
736 4497 823 4586 quod
847 4496 886 4565 de
910 4498 976 4564 iure
994 4520 1060 4564 non
1084 4495 1166 4578 licet,
1191 4508 1334 4563 senatum
1352 4493 1556 4562 cardinalium
1575 4507 1627 4562 aut

260 4624 319 4668 nos
342 4621 507 4690 suspectos
527 4602 771 4691 quomodolibet
794 4603 938 4692 allegare,
963 4627 1035 4671 cum
1060 4625 1121 4669 nos
1145 4625 1318 4691 numquam
1335 4602 1367 4667 in
1384 4598 1552 4667 iudicando
1576 4612 1628 4667 aut

260 4704 464 4776 vicissitudini
493 4727 544 4775 aut
572 4709 665 4776 rebus
696 4708 843 4777 humanis
866 4711 1068 4790 servivimus,
1096 4707 1152 4775 sed
1181 4708 1324 4775 iustitiae.
1375 4705 1419 4772 Ex
1449 4706 1497 4771 his
1525 4708 1628 4793 igitur,

366 4945 375 4974 ¹
394 4938 419 4992 S.
439 4936 526 4992 ausser
544 4938 606 4991 dem
624 4938 769 4993 Schreiben
792 4939 932 4993 Heinrichs
954 4956 1019 4992 vom
1036 4938 1061 4993 6.
1081 4937 1230 4991 Dezembcr
1253 4935 1321 4989 auch
1343 4935 1415 4988 noch
1438 4935 1508 4988 oben
1528 4935 1573 4988 Nr.
1594 4951 1625 5005 92

262 5006 312 5060 und
331 5007 377 5062 das
396 5008 540 5063 Schreiben
560 5007 745 5080 Campeggios
763 5025 827 5063 vom
849 5011 888 5064 18.
907 5009 961 5063 Mai
982 5024 1056 5082 1529,
1076 5007 1145 5061 oben
1165 5008 1190 5061 S.
1210 5008 1252 5083 85.
