3842 5580
303 306 366 371 232
777 291 784 298 .
1188 318 1338 377 Consilium
1357 336 1436 394 super
1454 337 1533 375 causa
1551 318 1674 393 hnglica.

301 481 428 549 sceleris
457 482 651 570 suspicione,
680 482 771 572 quale
803 496 885 551 esset
913 481 1114 570 illegitimum
1142 482 1398 564 matrimonium,
1428 493 1564 563 tenetur,
1592 481 1674 549 solet

301 588 514 657 carnificinam
532 587 689 678 quandam
714 612 812 677 usque
836 590 868 655 in
885 589 970 657 diem
994 589 1100 658 iudicii
1116 588 1296 656 duraturam
1313 609 1459 655 exercere
1484 598 1542 655 etc.
1579 588 1673 656 Unde

301 719 374 762 cum
398 708 555 783 supponat
582 695 730 763 Maiestas
754 694 831 777 Sua,
858 697 1002 783 reginam
1025 707 1155 783 propter
1182 695 1422 761 matrimonium
1447 718 1519 761 cum
1535 696 1672 762 Arcturo

300 801 392 869 fratre
416 800 472 868 sibi
502 802 705 868 coniunctam
730 800 825 868 luisse
854 801 886 867 in
910 803 1015 889 primo
1038 800 1138 889 gradu
1161 799 1335 883 affinitatis,
1363 801 1449 889 quod
1474 802 1540 867 iure
1563 799 1672 868 divino

299 906 494 994 prohibitum
520 920 581 990 est;
614 906 883 995 dispensationem
909 921 1069 995 praeterea
1099 931 1193 996 super
1216 907 1277 975 hoc
1301 909 1500 996 impetratam
1525 905 1672 975 nullitatis

298 1014 376 1081 vitio
400 1012 613 1101 multipliciter
636 1012 792 1095 laborare,
821 1026 909 1102 putat
932 1012 1019 1103 quod
1042 1026 1108 1082 tuta
1130 1015 1324 1081 conscientia
1353 1027 1384 1080 et
1407 1014 1490 1080 bona
1514 1012 1577 1079 fide
1604 1036 1670 1080 non

297 1121 399 1209 possit
426 1119 542 1188 diutius
569 1119 652 1188 istud
681 1121 921 1188 matrimonium
952 1119 1056 1187 colere
1085 1118 1202 1209 absque
1231 1143 1282 1201 e0,
1314 1119 1401 1209 quod
1429 1121 1581 1187 continue
1604 1142 1671 1186 non

298 1225 442 1295 aedificet
466 1226 504 1293 ad
528 1226 720 1314 gehennam.

403 1333 485 1400 Huic
509 1333 623 1399 rationi
647 1331 859 1420 multipliciter
881 1331 1069 1419 responderi
1091 1343 1212 1420 potest,
1237 1344 1268 1399 et
1290 1332 1321 1397 in
1347 1332 1470 1420 primis,
1494 1330 1581 1421 quod
1604 1332 1670 1399 Ma-

297 1441 390 1507 iestas
414 1440 476 1506 Sua
499 1461 558 1526 pro
582 1437 791 1506 fundamento
815 1440 946 1506 assumit
969 1438 1016 1519 id,
1040 1437 1126 1527 quod
1150 1439 1287 1504 maxime
1311 1437 1441 1505 dubium
1465 1450 1528 1519 est,
1552 1436 1670 1506 scilicet

296 1546 383 1635 quod
407 1546 646 1612 matrimonium
671 1546 711 1613 sit
734 1544 854 1612 nullum
879 1557 910 1612 et
934 1544 1127 1633 dispensatio
1148 1545 1188 1611 sit
1212 1544 1304 1611 nulla.
1350 1544 1480 1611 Nemini
1505 1547 1590 1611 enim
1614 1544 1670 1611 ‹lu-

296 1652 382 1719 bium
407 1651 538 1733 faceret,
566 1662 668 1719 stante
692 1652 945 1740 praesupposito,
973 1650 1060 1741 quod
1084 1652 1188 1738 potius
1219 1649 1347 1718 ferenda
1371 1664 1454 1718 esset
1473 1673 1539 1717 non
1564 1649 1667 1717 solum

295 1760 383 1826 istius
399 1760 500 1846 regni,
523 1756 579 1825 sed
597 1758 694 1825 totius
718 1755 783 1825 fere
800 1756 885 1824 orbis
901 1758 1001 1840 ruina,
1024 1781 1120 1846 quam
1144 1758 1177 1823 in
1194 1779 1233 1824 eo
1251 1779 1321 1824 esse
1340 1758 1558 1839 mammonin,
1582 1756 1667 1846 quod

296 1876 406 1932 contra
429 1863 550 1932 divinas
579 1865 759 1931 sanctiones
789 1886 845 1951 per
868 1886 1018 1931 enervem
1048 1862 1318 1952 dispensationem
1343 1862 1544 1931 conciliatum
1575 1876 1666 1931 esset.

294 1969 396 2053 Quod
412 1972 448 2050 si,
471 1994 512 2037 ne
529 1970 668 2036 labamur
691 1983 744 2039 aut
760 1971 998 2037 committamus
1022 1993 1083 2037 nos
1100 1971 1153 2036 uni
1177 1982 1307 2059 peccato
1328 1969 1459 2057 capitali,
1483 1970 1546 2037 hoc
1565 1970 1667 2037 leren-

294 2076 370 2144 dum
389 2095 446 2157 est,
470 2075 545 2164 quid
564 2075 725 2158 faciemus,
750 2087 783 2143 ut
799 2088 848 2144 tot
863 2075 1062 2163 effugiamus,
1086 2095 1164 2165 quot
1181 2088 1355 2165 sequuntur
1379 2100 1417 2142 ex
1434 2075 1667 2144 cohabitatione

294 2182 534 2270 illegitimorum
551 2183 748 2269 coniugum?
786 2182 824 2250 Et
840 2184 965 2250 merit0.
1005 2181 1094 2265 Quid
1110 2184 1196 2249 enim
1213 2181 1342 2270 prodest
1363 2183 1497 2264 homini,
1521 2184 1666 2250 sitorum

294 2288 451 2357 mundum
473 2288 611 2357 lucretur
634 2300 693 2356 etc.
740 2288 803 2356 Sed
827 2312 898 2356 cum
929 2289 990 2355 hoc
1020 2290 1157 2355 maxime
1186 2287 1315 2355 dubium
1345 2290 1384 2356 sit
1408 2307 1438 2355 et
1466 2286 1601 2377 pendeat
1629 2312 1667 2355 ex

293 2394 399 2463 futuro
416 2418 567 2483 processu
591 2408 677 2462 etex
700 2397 857 2463 sententia
875 2393 1014 2477 ferenda,
1038 2418 1105 2461 non
1122 2393 1216 2462 debet
1238 2418 1297 2483 pro
1314 2394 1523 2463 fundamento
1539 2395 1665 2461 assumi.

293 2501 399 2568 Immo
428 2503 543 2567 sinon
568 2499 692 2568 adesset
719 2500 802 2568 aliud
827 2500 1019 2582 remedium,
1043 2524 1138 2590 quam
1167 2500 1389 2569 determinatio
1418 2500 1553 2583 articuli,
1582 2513 1666 2569 certe

292 2606 509 2688 crederemus,
541 2607 621 2674 hanc
654 2608 811 2674 rationem
844 2609 965 2695 optime
997 2605 1187 2675 concludere
1218 2618 1369 2696 quantum
1400 2606 1439 2673 ad
1470 2607 1547 2689 hoc,
1579 2606 1665 2696 quod

292 2714 432 2780 Sermus.
458 2736 512 2780 rex
536 2724 621 2780 recte
650 2711 780 2795 faceret,
809 2736 960 2802 quaerere
984 2711 1146 2779 iuridicam
1176 2724 1207 2780 et
1231 2736 1336 2781 veram
1366 2711 1664 2780 determinationem

292 2819 458 2887 validitatis
480 2817 530 2886 vel
555 2818 753 2886 invaliditatis
777 2821 1001 2887 matrimonii.¹

398 2923 461 2992 Sed
474 2948 546 2992 cum
564 2949 602 2991 ex
620 2924 711 2992 huius
728 2927 923 2992 matrimonii
940 2926 1149 2993 dissolutione
1165 2926 1312 3015 pleraque
1328 2949 1443 3014 magna
1459 2923 1665 2992 incommoda

294 3052 324 3099 et
348 3030 492 3098 scandala
516 3029 680 3098 videantur
704 3044 855 3099 eventura
882 3055 948 3098 non
978 3033 1081 3099 solum
1107 3034 1138 3098 in
1162 3055 1264 3120 regno
1288 3032 1459 3100 Maiestatis
1483 3032 1579 3114 Suae,
1609 3031 1665 3099 sed

294 3140 324 3204 in
350 3138 494 3204 universa
516 3135 673 3224 republica
697 3137 873 3217 christiana,
898 3150 931 3205 ut
954 3137 1033 3205 infra
1057 3138 1146 3206 latius
1169 3139 1296 3225 patebit,
1324 3161 1390 3205 non
1414 3138 1537 3206 videtur
1561 3137 1665 3227 aliquo

294 3241 394 3309 modo
419 3264 510 3308 causa
533 3242 590 3309 ista
606 3243 650 3309 sic
667 3241 838 3324 tractanda,
862 3245 1045 3331 praesertim
1063 3266 1136 3311 cum
1155 3245 1369 3310 conscientiae
1387 3243 1560 3311 Maiestatis
1584 3243 1665 3310 Suae

293 3348 441 3436 scrupulo
465 3358 497 3414 et
513 3346 710 3415 carnificinae
735 3350 836 3435 possit
854 3350 910 3415 alia
934 3351 1057 3416 ratione
1081 3362 1112 3417 et
1134 3351 1242 3416 tutiori
1265 3349 1380 3416 auxilio
1396 3348 1570 3437 provideri3
1594 3350 1666 3438 quia

294 3455 368 3523 dato
398 3453 485 3544 quod
516 3455 754 3522 matrimonium
788 3478 824 3521 ex
857 3453 981 3522 delectu
1013 3453 1256 3544 dispensationis
1288 3469 1371 3522 esset
1402 3454 1537 3538 nullum,
1569 3455 1666 3542 longe

295 3562 407 3629 melius
431 3573 462 3628 et
479 3559 683 3628 commodius
702 3559 804 3643 fuerit,
829 3584 932 3628 novae
956 3559 1200 3648 dispensationis
1223 3560 1380 3628 beneficio
1404 3562 1436 3627 in
1459 3562 1666 3629 matrimonio

295 3690 510 3755 perseverare,
539 3690 632 3756 quam
662 3690 702 3733 eo
731 3665 890 3755 dirempto
919 3688 1019 3733 novas
1048 3667 1170 3755 nuptias
1198 3666 1417 3755 attemptando
1442 3669 1587 3734 maximis
1610 3667 1667 3734 ob-

295 3774 389 3840 iicere
417 3796 451 3840 se
484 3771 732 3854 discriminibus,
763 3771 802 3840 de
829 3772 945 3863 'quibus
978 3770 1056 3838 infra
1086 3772 1244 3854 dicemus,
1274 3797 1354 3862 quae
1385 3774 1509 3841 tametsi
1542 3775 1665 3840 ratione

295 3879 395 3967 aliqua
424 3879 531 3945 evitari
554 3880 691 3966 possint,
722 3901 895 3968 numquam
920 3890 1026 3946 tamen
1050 3877 1179 3960 fuerint,
1210 3879 1286 3967 quin
1310 3880 1517 3946 matrimonio
1541 3891 1589 3947 tot
1612 3902 1666 3946 an-

295 4007 411 4051 norum
436 3982 594 4071 dirempto
618 3983 739 4051 celebre
756 3984 929 4052 Maiestatis
947 3985 1027 4052 Suae
1047 4007 1168 4051 nomen
1192 3986 1297 4051 statim
1322 4007 1388 4052 uon
1413 3986 1549 4074 pessime
1573 3999 1668 4053 sonet

295 4092 327 4156 in
350 4088 475 4157 auribus
498 4088 682 4157 multorum.
728 4091 822 4157 Pauci
846 4113 984 4181 namque
1007 4090 1181 4158 admodum
1205 4115 1243 4158 ex
1268 4090 1373 4158 multis
1395 4102 1497 4173 erunt,
1521 4093 1573 4181 qui
1598 4115 1664 4159 non

295 4198 362 4263 iure
386 4208 417 4264 et
442 4196 654 4263 conscientiae
681 4195 838 4263 sanandae
862 4220 970 4277 causa,
999 4196 1055 4264 sed
1078 4196 1209 4264 diversis
1232 4196 1406 4265 admodum
1438 4196 1611 4265 rationibus
1633 4198 1666 4264 id

295 4303 410 4370 lactum
441 4301 621 4369 existiment
651 4325 685 4368 ac
714 4301 904 4389 praedicent.
952 4302 1052 4384 Quod
1082 4314 1234 4392 quantum
1264 4302 1446 4370 obfuturum
1477 4305 1517 4371 sit
1546 4303 1666 4392 gloriae

295 4408 436 4475 nominis
459 4408 518 4488 sui,
542 4418 640 4474 nemo
665 4418 712 4474 est
735 4408 787 4496 qui
812 4431 878 4474 non
903 4407 1016 4489 videat,
1043 4432 1136 4498 quam
1160 4410 1213 4497 qui
1237 4408 1379 4495 negligit,
1402 4409 1561 4496 Apostolo
1585 4422 1666 4478 teste

296 4513 429 4581 crudelis
454 4525 510 4595 est,
535 4525 566 4580 et
589 4511 740 4602 adquam
764 4512 914 4580 tuendam
940 4535 970 4581 et
994 4514 1204 4601 ampliandam
1228 4537 1295 4581 non
1319 4515 1422 4582 solum
1447 4518 1563 4584 nostris
1585 4529 1666 4584 tem-

295 4618 435 4707 poribus,
459 4619 571 4708 quibus
586 4621 732 4701 vivimus,
755 4618 811 4685 sed
835 4618 945 4686 suturis
968 4621 1062 4687 etiam
1086 4620 1216 4688 saeculis
1235 4621 1330 4688 veluti
1354 4635 1482 4689 naturae
1505 4622 1609 4690 edicto
1634 4637 1666 4690 et

295 4745 402 4794 sancta
425 4726 624 4793 institutione
647 4725 799 4792 allicimur
824 4737 855 4792 et
871 4724 1084 4792 exhortamur.
1131 4726 1207 4793 Non
1231 4726 1364 4795 deerunt
1383 4729 1480 4809 enim,
1504 4730 1556 4816 qui
1580 4750 1666 4796 recte

330 4838 350 4843 ...
358 4836 507 4843 ..q—--a

403 4884 463 4943 ι1),
484 4886 509 4939 h.
529 4884 571 4937 die
591 4900 644 4937 von
663 4883 788 4937 Heinrich
807 4883 1040 4953 ausgesprochene
1059 4885 1178 4952 Absicht,
1203 4887 1260 4939 sein
1279 4886 1421 4940 Gewissen
1441 4886 1665 4956 sicherzustellen‚

297 4957 330 5008 ist
349 4955 478 5008 durchaus
497 4954 609 5020 ldblich3
639 4972 667 5007 es
686 4955 758 5024 giebt
778 4954 839 5006 aber
859 4956 936 5007 einen
956 4955 1020 5008 weit
1039 4956 1165 5010 besseren
1179 4956 1249 5027 Weg
1269 4957 1341 5011 dazu.
