3802 5606
262 360 410 414 Consilium
430 377 509 431 super
528 377 606 413 causa
625 358 747 430 Anglica.
1569 351 1632 412 237

261 520 450 587 sententiam
475 531 586 587 contra
614 519 855 587 matrimonium
884 517 977 586 latam
1007 542 1180 608 numquam
1204 521 1337 587 transire
1360 521 1392 586 in
1422 544 1489 588 rem
1519 522 1633 590 iudica-

261 639 325 694 tam
360 639 453 715 atque
490 626 562 693 huic
599 649 709 693 causae
745 648 871 713 semper
904 637 1042 712 apertam
1081 649 1149 693 esse
1187 626 1281 707 viam,
1315 624 1354 693 de
1388 628 1454 695 iure
1487 651 1546 694 suo
1581 653 1633 695 ex-

262 731 423 820 periundi,
455 751 486 798 et
520 731 592 798 ideo
626 731 739 798 vulnus
768 731 831 798 hoc
860 753 986 818 semper
1014 730 1150 797 refricari
1186 743 1217 799 et
1255 755 1379 799 causam
1411 744 1487 800 tunc
1515 734 1547 799 in
1578 734 1633 801 du-

262 837 347 905 bium
372 851 403 906 et
427 838 679 905 controversiam
703 838 782 905 trahi
810 837 924 925 posse?
969 837 1007 904 Et
1036 839 1109 903 satis
1141 838 1200 904 erit
1227 861 1355 927 semper
1382 837 1569 907 dominandi
1598 864 1634 907 ac

261 943 405 1012 turbandi
430 945 520 1031 regni
544 943 674 1032 cupidis,
697 944 724 1010 si
747 966 814 1010 non
830 965 949 1023 veram,
973 954 1003 1009 at
1019 941 1223 1010 verisimilem
1248 956 1278 1012 et
1301 944 1475 1013 coloratam
1500 947 1545 1013 eis
1562 970 1633 1014 cau·

261 1073 328 1117 sam
358 1049 514 1138 praeberi3
550 1049 637 1139 quod
668 1050 752 1117 enim
788 1050 820 1115 in
851 1047 973 1116 filiabus
1000 1049 1130 1115 Henrici
1160 1049 1224 1132 111,
1257 1063 1291 1118 ut
1319 1052 1429 1119 asserit
1456 1076 1522 1135 rex,
1551 1053 1634 1121 nulla

261 1156 449 1224 subsistente
480 1179 571 1224 causa
599 1168 652 1223 aut
675 1156 798 1223 ratione
821 1154 938 1222 factum
966 1153 1038 1235 fuit,
1070 1178 1125 1222 cur
1154 1156 1186 1222 in
1216 1179 1250 1223 re
1278 1155 1359 1225 adeo
1387 1158 1534 1247 ambigua
1561 1158 1629 1227 fieri

262 1286 355 1350 posse
379 1261 497 1331 facilius
520 1286 587 1329 non
612 1261 788 1344 credamus,
812 1284 868 1350 spe
891 1260 1046 1350 regnandi
1069 1264 1236 1350 praecipue
1259 1264 1413 1331 iniecta?¹

366 1368 445 1437 Illud
475 1382 636 1457 praeterea
663 1391 730 1436 non
760 1367 1076 1456 praetermittendum
1106 1381 1168 1451 est,
1198 1368 1284 1458 quod
1314 1370 1496 1438 huiusmodi
1525 1374 1631 1440 matri-

262 1476 374 1542 nronio
399 1475 554 1543 dissoluto
578 1476 695 1544 Caesar
723 1475 862 1542 maxime
892 1473 1071 1542 offendetur
1100 1476 1306 1565 universaque
1336 1477 1404 1544 eius
1432 1476 1563 1559 familia,
1592 1480 1634 1546 ita

263 1595 296 1650 ut
318 1596 469 1671 perpetua
492 1581 594 1650 futura
617 1583 681 1649 sint
704 1583 785 1649 inter
809 1582 868 1648 hos
893 1602 983 1668 reges
1007 1605 1074 1648 non
1099 1580 1199 1648 modo
1224 1581 1311 1663 odia,
1336 1581 1392 1650 sed
1416 1585 1511 1650 etiam
1536 1582 1632 1666 bella;

262 1687 447 1776 implacabili
471 1690 558 1756 enim
581 1689 693 1755 iniuria
715 1711 749 1755 se
773 1686 919 1754 affectum
945 1687 1057 1775 procul
1081 1686 1176 1754 dubio
1201 1687 1392 1756 existimabit
1415 1689 1541 1772 Caesar,
1566 1713 1632 1757 ma-

261 1806 375 1863 tertera
399 1819 453 1862 sua
470 1794 579 1863 acerbe
603 1794 683 1863 adeo
704 1806 734 1862 et
758 1794 929 1861 inhumane
953 1791 1113 1881 repudiata
1138 1805 1210 1881 post
1234 1794 1342 1862 XVIII
1365 1817 1524 1862 annorum
1541 1795 1633 1864 obse·

262 1902 332 1990 quia
348 1901 498 1970 maritalia
514 1902 581 1990 regi
597 1903 753 1989 praestita.
795 1899 960 1968 Eiusmodi
977 1898 1184 1967 incommoda
1200 1923 1294 1989 quam
1312 1900 1375 1968 sint
1390 1899 1493 1969 lutura
1508 1900 1633 1969 afflictis

262 2006 504 2076 christianorum
527 2008 620 2075 rebus
643 2009 739 2075 noxia
759 2026 790 2074 et
814 2005 985 2089 mortifera,
1008 2008 1076 2073 sine
1101 2030 1196 2073 sensu
1219 2018 1278 2090 est,
1301 2008 1356 2095 qui
1379 2030 1446 2074 non
1464 2009 1587 2076 sentiat.

367 2113 429 2181 Sed
453 2126 523 2182 esto
547 2115 673 2194 Caesar,
697 2113 763 2181 aliis
786 2112 955 2202 implicitus
982 2111 1085 2194 bellis,
1114 2112 1194 2180 iusta
1222 2112 1442 2200 indignatione
1472 2127 1503 2182 et
1531 2115 1632 2183 vindi·

261 2218 348 2287 cibus
370 2221 466 2288 armis
490 2222 570 2288 hanc
593 2221 740 2287 iniuriam
764 2218 963 2307 expostulare
986 2239 1038 2286 aut
1062 2221 1207 2308 persequi
1231 2243 1298 2286 non
1322 2221 1450 2308 poterit,
1473 2243 1549 2309 rege
1573 2222 1633 2289 sal·

262 2344 327 2392 tem
350 2327 383 2393 in
407 2327 553 2393 humanis
576 2338 706 2413 agente,
735 2337 766 2392 at
796 2348 836 2393 eo
861 2326 921 2393 vita
945 2324 1054 2393 functo
1080 2349 1190 2393 nonne
1219 2326 1286 2414 ipse
1310 2325 1360 2394 vel
1383 2327 1450 2394 eius
1480 2326 1632 2395 haeredes

261 2431 476 2500 convolabunt
498 2445 529 2500 et
551 2434 710 2520 rapientur
727 2430 766 2499 ad
782 2430 960 2500 excitandas
983 2433 1016 2499 in
1031 2454 1133 2520 regno
1149 2430 1333 2516 seditiones,
1357 2433 1516 2522 suppetias
1540 2432 1631 2501 laturi

262 2539 301 2620 ei,
324 2539 377 2628 qui
401 2539 523 2607 ratione
547 2539 742 2606 matrimonii
766 2561 839 2606 cum
863 2537 925 2605 filia
949 2538 1143 2626 praetendat,
1167 2539 1214 2605 ius
1231 2540 1322 2625 regni
1345 2537 1383 2606 ad
1406 2563 1441 2607 se
1464 2540 1630 2627 pertinere.

261 2646 366 2735 Atque
390 2646 466 2713 haec
491 2646 617 2713 occasio
640 2642 764 2713 videtur
787 2656 914 2712 motura
937 2667 1004 2711 non
1028 2643 1128 2712 modo
1152 2646 1236 2732 regis
1259 2668 1430 2733 generum,
1458 2645 1513 2713 sed
1537 2669 1632 2734 quos-

261 2775 386 2841 cunque
418 2751 588 2819 seditiosos
621 2763 653 2819 et
687 2774 792 2818 rerum
824 2773 978 2818 novarum
1012 2750 1161 2838 cupidos,
1192 2763 1383 2840 quapropter
1414 2752 1569 2818 maiorem
1601 2765 1633 2820 et

261 2857 475 2945 praesentibus
505 2870 536 2926 et
559 2857 670 2926 futuris
693 2856 846 2926 scandalis
876 2869 906 2925 et
934 2856 1022 2924 bellis
1050 2855 1221 2925 fenestram
1251 2869 1390 2945 apertam
1421 2856 1566 2925 videmus
1594 2881 1632 2924 ex

261 2965 455 3031 matrimonii
479 2965 571 3031 huius
595 2963 814 3046 dissolutione,
838 2986 932 3053 quam
956 2965 982 3029 si
1006 2964 1038 3029 in
1062 2964 1132 3051 ipso
1155 2986 1407 3051 permaneamus.

366 3069 444 3138 Illud
468 3094 596 3159 quoque
620 3070 855 3137 demonstrasse
879 3070 977 3138 iuvat:
1013 3068 1280 3137 considerandum
1305 3094 1385 3152 esse,
1409 3070 1492 3157 regis
1516 3083 1631 3159 quanta

260 3178 366 3264 vigeat
392 3175 474 3265 apud
504 3176 673 3244 Caesarem
708 3189 740 3244 et
770 3176 938 3244 Gallorum
974 3199 1083 3263 regem
1112 3177 1300 3258 authoritas,
1334 3177 1388 3265 qui
1416 3174 1458 3242 ob
1488 3173 1635 3243 diuturna

262 3282 343 3349 inter
367 3306 423 3349 eos
445 3280 525 3350 bella
548 3281 637 3350 sedet
661 3280 904 3371 quodammodo
928 3281 1051 3364 arbiter,
1076 3279 1152 3348 dum
1169 3295 1282 3350 neuter
1305 3283 1379 3349 satis
1402 3294 1487 3349 tutus
1512 3300 1570 3364 est,
1591 3305 1632 3348 nc

262 3386 348 3454 alteri
371 3392 501 3475 prorsus
528 3387 693 3456 adhaereat
701 3416 710 3472 3
742 3389 830 3478 quod
858 3389 884 3455 si
912 3389 1152 3456 matrimonium
1187 3388 1250 3454 hoc
1273 3389 1437 3475 respuerit,
1460 3400 1632 3475 perpetuus

263 3493 405 3561 Caesaris
428 3495 530 3561 hostis
553 3495 615 3562 iam
640 3493 748 3576 sactus,
773 3493 824 3561 ubi
842 3494 949 3561 Gallus
973 3493 1171 3570 intellexerit,
1195 3493 1312 3560 nullam
1337 3517 1406 3560 esse
1429 3491 1583 3561 redeundi
1599 3495 1632 3561 in

261 3600 393 3686 gratiam
418 3604 517 3683 viam,
540 3598 652 3667 foedus
676 3603 758 3669 inter
782 3625 838 3668 eos
861 3623 1045 3688 percussum
1070 3601 1176 3666 minus
1199 3612 1343 3666 sanctum
1369 3598 1509 3680 habebit,
1538 3611 1632 3689 atque

262 3705 313 3772 ubi
338 3706 458 3796 (nunc)
482 3731 499 3773 a
524 3706 616 3774 Gallo
645 3706 773 3789 colitur,
802 3730 842 3773 eo
866 3704 1029 3787 deveniet,
1058 3725 1090 3772 ut
1120 3723 1252 3793 cogatur
1280 3728 1354 3772 eum
1382 3705 1487 3772 colere
1516 3724 1545 3772 et
1577 3705 1633 3773 ob·

262 3835 400 3895 servare;
424 3814 528 3902 itaque
552 3814 685 3881 minoris
710 3815 768 3880 erit
790 3809 872 3900 apud
889 3835 962 3879 eum
987 3812 1104 3898 gratiae
1121 3830 1152 3878 et
1168 3810 1375 3878 authoritatis.
1414 3812 1528 3900 Neque
1546 3814 1631 3880 enim

263 3915 353 3986 decet
376 3919 574 3987 Maiestatem
591 3920 686 3987 Suam
712 3918 864 3986 oblivioni
880 3916 1013 3993 tradere,
1034 3916 1143 3985 Gallos
1162 3915 1275 4006 Anglis
1291 3916 1472 3985 naturaliter
1490 3917 1632 3986 infensos

263 4047 341 4107 esse,
365 4026 506 4114 itemque
529 4025 653 4114 Anglos
678 4024 792 4108 Gallis,
822 4024 989 4113 solereque
1017 4047 1067 4091 res
1097 4023 1186 4091 nullo
1214 4022 1322 4091 labore
1345 4021 1384 4090 ad
1413 4025 1460 4091 sui
1489 4037 1631 4092 naturam

261 4127 349 4197 facile
373 4133 497 4199 reverti.

367 4238 516 4305 Dicerem
549 4240 692 4325 insuper,
733 4238 973 4305 existimationis
1008 4238 1113 4324 regiae
1148 4235 1372 4325 clarissimique
1407 4236 1548 4302 nominis
1583 4237 1632 4304 sui

262 4343 417 4410 rationem
446 4366 513 4410 non
538 4343 651 4411 infimo
674 4356 728 4411 aut
755 4363 919 4432 postremo
945 4343 1017 4410 loco
1043 4341 1235 4424 habendam,
1264 4366 1343 4431 quae
1367 4343 1393 4408 si
1423 4353 1539 4430 quanta
1568 4343 1632 4410 sint

262 4447 344 4535 apud
367 4472 481 4517 omnes
497 4451 655 4539 principes
679 4463 709 4519 et
725 4449 872 4538 populos,
897 4460 980 4517 recta
1003 4449 1092 4516 lance
1116 4450 1333 4530 aestimentur,
1357 4445 1435 4514 nihil
1459 4446 1631 4514 studiosius

367 4644 447 4697 ¹Die
464 4661 520 4698 von
539 4642 643 4698 Froude
662 4644 742 4713 (Hist.
762 4644 794 4698 of
809 4644 931 4715 England
949 4643 969 4699 1.
991 4659 1037 4713 113
1059 4646 1110 4714 sq.)
1129 4644 1252 4697 muhsam
1271 4656 1425 4694 zusammen
1445 4640 1550 4695 estellte
1569 4641 1631 4695 Prat-

262 4714 467 4769 tendentenliste
491 4715 559 4768 kann
578 4715 621 4769 die
642 4714 700 4769 hier
724 4714 833 4785 geltend
852 4715 1014 4838 gemachten
1032 4714 1141 4769 Grunde
1165 4729 1255 4784 gegen
1274 4711 1316 4793 die
1335 4711 1413 4793 ¹Schei
1433 4729 1489 4782 ung
1511 4728 1559 4765 nur
1573 4728 1631 4766 ver·

262 4785 366 4838 starhen
387 4786 439 4839 und
458 4785 615 4857 bestatigen,
635 4802 666 4839 so
685 4788 747 4839 sehr
765 4786 834 4839 auch
873 4786 956 4839 roude
975 4784 1056 4839 damit
1076 4783 1117 4838 die
1137 4782 1356 4851 Notwendtgkert
1375 4783 1448 4836 einer
1466 4798 1553 4835 neuen
1572 4783 1630 4836 Ehe

262 4855 397 4910 beweisen
412 4855 475 4909 will.
506 4856 639 4927 Ubrigens
658 4856 731 4927 giebt
746 4873 775 4909 er
793 4856 875 4910 selbst
894 4874 925 4909 zu
944 4856 974 4924 (l.
990 4874 1011 4909 c.
1029 4854 1099 4979 nep,
1119 4853 1174 4908 dass
1193 4854 1235 4907 die
1248 4852 1333 4923 Frage
1351 4851 1398 4905 der
1410 4851 1538 4923 Erbfolge
1558 4854 1631 4906 wohl

262 4925 337 4980 keine
356 4926 558 4997 Schwieriglreit
577 4927 702 4997 gemacht
721 4927 808 4981 haben
821 4927 921 4993 warde,
941 4927 1013 4980 hatte
1032 4927 1074 4978 nic
1094 4933 1105 4978 t
1122 4923 1247 4979 Heinrich
1266 4940 1312 4976 aus
1331 4922 1429 4977 andern
1443 4922 1570 4977 Grunden
1589 4923 1632 4978 die

262 4996 416 5068 Scheidung
434 5013 486 5050 von
506 4996 650 5051 Katharina
668 4997 797 5069 verlangt.
