3802 5606
253 383 319 437 Acta
339 384 539 437 consistorialia.
1560 368 1623 432 215

357 544 481 612 Romae
504 543 554 610 die
572 541 699 632 (lunae)
724 543 842 610 XXIII.
868 544 971 611 ntartii
992 564 1074 630 1534
1098 542 1155 612 luit
1179 543 1402 611 consistorium
1422 541 1627 631 (secretum),

252 651 283 716 in
308 674 372 739 quo
395 648 453 717 suit
477 648 537 718 lata
559 650 716 717 sententia
740 649 960 739 infrascripta¹

716 807 868 876 Clemens
892 809 974 895 Papa
998 810 1161 896 septimus.

357 933 475 1000 Christi
497 933 631 999 nomine
655 933 814 1000 invocato.
863 933 898 999 In
922 931 1042 1000 throno
1066 933 1200 1000 iustitiae
1229 955 1286 1020 pro
1311 931 1455 999 tribunali
1478 930 1625 998 sedentes

251 1052 282 1106 et
308 1039 414 1106 solum
437 1039 543 1105 Deum
567 1061 642 1126 prae
666 1037 765 1106 oculis
789 1037 941 1106 habentes
969 1038 1129 1127 perhanc
1160 1051 1301 1106 nostram
1326 1035 1523 1105 diffinitivam
1554 1061 1625 1104 sen·

250 1146 391 1227 tentiam,
416 1168 510 1234 quam
536 1143 575 1213 de
598 1143 744 1213 venerab.
769 1143 899 1213 fratrum
924 1163 1120 1227 nostrorum,
1144 1146 1175 1213 S.
1200 1145 1237 1211 R.
1262 1144 1287 1211 Ε
1311 1142 1525 1226 cardinalium,
1549 1167 1625 1212 con-

250 1252 443 1320 sistorialiter
472 1273 580 1318 coram
612 1249 704 1318 nobis
734 1263 1003 1340 congregatorum
1034 1251 1170 1318 consilio
1199 1264 1230 1318 et
1257 1272 1385 1318 assensu
1418 1249 1564 1333 serianus,
1593 1251 1624 1317 in

250 1358 297 1425 bis
321 1358 443 1446 scriptis
465 1359 719 1446 pronuntiamus,
744 1357 944 1426 decernimus
967 1370 998 1425 et
1014 1356 1220 1439 declaramus,
1243 1359 1275 1424 in
1293 1380 1383 1424 causa
1408 1367 1438 1424 et
1462 1358 1563 1424 causis
1586 1356 1625 1424 ad

249 1487 309 1530 nos
333 1478 364 1532 et
387 1462 504 1531 Sedent
528 1462 746 1552 Apostolicam
771 1487 828 1552 per
850 1463 1110 1553 appellationem,
1138 1486 1194 1552 per
1219 1464 1412 1531 carissimam
1437 1462 1468 1529 in
1494 1462 1623 1529 Christo

249 1569 344 1638 tiliam
362 1570 564 1638 Catharinam
582 1569 716 1658 Angliae
738 1571 881 1659 reginam
906 1570 1058 1637 illustrem
1084 1572 1233 1637 anostris
1258 1582 1288 1637 et
1312 1567 1402 1637 Sedis
1418 1568 1624 1656 Apostolicae

248 1676 357 1765 legatis
380 1676 413 1743 in
436 1698 538 1764 regno
561 1676 695 1764 Angliae
719 1674 875 1764 deputatis
898 1678 1135 1766 interpositam,
1163 1677 1305 1765 legitime
1330 1674 1487 1743 devolutis
1516 1695 1548 1742 et
1570 1673 1623 1742 ad-

248 1783 378 1864 vocatis,
402 1784 484 1850 inter
499 1781 670 1870 praefatam
694 1785 837 1871 reginam
859 1796 890 1851 et
906 1784 1101 1851 carissimum
1127 1784 1159 1850 in
1176 1783 1305 1851 Christo
1330 1781 1429 1849 filium
1446 1781 1622 1849 Henricum

248 1902 395 1957 octavum
412 1889 547 1977 Angliae
562 1912 673 1977 regern
698 1888 848 1958 illustrem
873 1912 968 1979 super
984 1889 1140 1958 validitate
1164 1903 1196 1957 et
1219 1887 1410 1957 invaliditate
1427 1887 1622 1955 matrimonii

248 1997 329 2063 inter
352 1994 483 2062 eosdem
507 2018 599 2083 reges
623 1997 777 2064 contracti
802 2008 833 2064 et
857 1998 1051 2078 consumati,
1079 1994 1236 2084 rebusque
1259 1994 1326 2063 aliis
1355 1996 1386 2061 in
1411 1994 1487 2062 actis
1511 2017 1622 2061 causae

248 2114 278 2169 et
301 2124 464 2169 causarum
494 2100 676 2169 huiusmodi
705 2100 794 2169 latius
823 2101 966 2171 deductis
997 2114 1027 2170 et
1050 2100 1167 2170 dilecto
1197 2101 1263 2168 filio
1287 2100 1385 2168 Paulo
1410 2100 1621 2189 capisuccho,

246 2229 410 2274 causarum
433 2209 511 2274 sacri
540 2207 643 2296 palatii
667 2206 847 2277 auditorum
876 2220 952 2277 tunc
976 2207 1098 2277 decano
1128 2221 1159 2276 et
1182 2227 1312 2296 propter
1340 2208 1437 2295 ipsius
1460 2205 1546 2274 Pauli
1569 2206 1621 2273 ab·

246 2314 379 2381 sentiam
407 2313 576 2381 venerabili
605 2313 691 2383 fratri
720 2326 834 2382 nostro
864 2313 981 2383 Iacobo
1012 2315 1209 2382 Simonettae
1240 2316 1391 2403 episcopo
1421 2313 1620 2395 Pisauriensi,

247 2420 338 2487 unius
362 2443 400 2487 ex
416 2419 507 2487 dictis
530 2418 633 2508 palatii
650 2444 812 2488 causarum
836 2421 1031 2489 auditoribus
1054 2421 1284 2489 locumtenenti
1308 2418 1483 2503 audiendis,
1506 2420 1620 2487 instru-

247 2525 336 2593 endis
367 2547 398 2594 et
428 2528 460 2593 in
485 2527 678 2595 consistorio
709 2540 821 2596 nostro
849 2547 973 2596 secreto
1004 2526 1177 2596 referendis
1207 2527 1386 2595 commissis
1418 2537 1450 2594 et
1476 2549 1532 2614 per
1562 2549 1619 2593 eos

246 2631 337 2699 nobis
362 2646 392 2700 et
416 2631 536 2701 eisdem
561 2632 766 2702 cardinalibus
790 2633 894 2702 relatis
918 2654 950 2702 et
974 2645 1095 2703 mature
1112 2633 1270 2715 discussis
1294 2656 1402 2701 coram
1426 2632 1518 2700 nobis
1542 2655 1619 2721 pen-

243 2737 406 2805 dentibus:
431 2740 670 2807 matrimonium
696 2741 777 2808 inter
799 2740 990 2829 praedictam
1009 2740 1210 2809 Catharinam
1236 2758 1267 2807 et
1290 2739 1465 2807 Henricum
1483 2738 1616 2827 Angliae

242 2866 350 2931 regem
381 2855 579 2913 contractum
609 2866 640 2914 et
664 2845 738 2914 inde
768 2859 876 2916 secuta
905 2871 1112 2937 quaecunque
1141 2846 1236 2914 fuisse
1266 2858 1297 2915 et
1326 2869 1394 2913 esse
1419 2843 1556 2912 validum
1585 2865 1616 2912 et

242 2951 447 3032 canonicum,
479 2950 643 3042 validaque
676 2965 707 3021 et
738 2954 906 3037 canonica,
938 2977 1077 3045 suosque
1108 2952 1232 3022 debitos
1264 2951 1409 3020 debuisse
1439 2962 1471 3020 et
1501 2950 1615 3020 debere

241 3057 345 3124 sortiri
374 3056 504 3128 effectus
532 3058 719 3149 prolemque
748 3060 822 3128 inde
846 3073 1024 3149 susceptam
1053 3071 1084 3129 et
1107 3058 1339 3148 suscipiendam
1367 3057 1463 3127 fuisse
1487 3069 1518 3126 et
1545 3057 1615 3126 fore

241 3159 430 3250 legitimam,
463 3177 495 3232 et
525 3165 699 3253 praefatum
730 3167 904 3235 Henricum
933 3166 1068 3256 Angliae
1098 3189 1209 3254 regem
1241 3166 1342 3234 teneri
1375 3184 1407 3233 et
1439 3163 1613 3252 obligatum

240 3266 334 3335 fuisse
359 3281 390 3337 et
412 3268 481 3337 sore
509 3269 549 3338 ad
572 3270 818 3340 cohabitandum
846 3296 920 3341 cunt
949 3271 1032 3341 dicta
1059 3274 1183 3361 regina,
1213 3275 1279 3339 eius
1308 3271 1447 3360 legitima
1476 3271 1613 3358 coniuge

240 3396 373 3464 eamque
397 3376 529 3443 maritali
552 3376 721 3446 affectione
746 3398 776 3446 et
800 3378 891 3467 regio
915 3379 1040 3446 bonore
1063 3377 1275 3460 tractandam,
1304 3388 1335 3445 et
1363 3374 1500 3444 eundem
1525 3377 1612 3443 Hen-

239 3480 339 3548 ricum
363 3480 498 3570 Angliae
525 3504 635 3571 regern
665 3483 704 3551 ad
732 3486 902 3571 praemissa
931 3485 1040 3553 omnia
1068 3508 1143 3552 cum
1166 3482 1279 3552 effectu
1307 3480 1507 3569 adimplenda
1536 3505 1612 3549 con-

239 3584 454 3655 demnandum
479 3588 691 3680 omnibusque
718 3591 793 3658 iuris
816 3590 965 3660 remediis
989 3591 1170 3678 cogendum
1196 3609 1226 3658 et
1250 3587 1508 3678 compellendum
1531 3586 1611 3670 fore,

237 3713 332 3781 prout
356 3693 623 3779 condemnamus,
648 3699 794 3785 cogimus
818 3710 849 3766 et
873 3697 1110 3786 compellimus,
1133 3697 1436 3785 molestationesque
1460 3705 1491 3762 et
1514 3692 1610 3761 dene-

237 3800 382 3887 gationes
410 3824 466 3889 per
496 3801 634 3871 eundem
665 3803 840 3872 Henricum
868 3827 978 3892 regem
1008 3803 1112 3871 eidem
1143 3804 1330 3872 Catharinae
1360 3803 1488 3889 reginae
1516 3825 1610 3890 super

238 3905 427 3975 invaliditate
459 3920 491 3975 et
520 3906 649 3976 foedere
674 3907 747 3976 dicti
776 3911 972 3978 matrimonii
998 3908 1242 4001 quomodolibet
1270 3908 1364 3977 lactas
1389 3921 1419 3976 et
1446 3909 1610 3997 praestitas

237 4008 331 4079 luisse
355 4032 386 4080 et
410 4037 479 4081 esse
503 4014 622 4082 illicitas
646 4034 677 4083 et
700 4016 840 4099 iniustas,
868 4029 899 4084 et
923 4015 1027 4084 eidem
1050 4017 1191 4087 Henrico
1215 4017 1283 4105 regi
1306 4038 1400 4105 super
1422 4012 1481 4082 illis
1504 4038 1540 4082 ac
1562 4015 1609 4081 in-

236 4115 392 4185 validitate
416 4120 611 4187 matrimonii
634 4121 816 4190 huiusmodi
838 4135 1028 4212 perpetuum
1051 4121 1211 4191 silentium
1234 4120 1467 4211 imponendum
1483 4118 1553 4188 fore
1577 4132 1608 4188 et

237 4246 315 4305 esse,
337 4236 433 4312 prout
455 4227 662 4313 imponimus,
686 4227 887 4318 eundemque
911 4230 1085 4297 Henricum
1107 4228 1241 4318 Angliae
1264 4251 1375 4317 regem
1398 4229 1431 4295 in
1455 4250 1608 4317 expensas

236 4329 266 4396 in
298 4329 479 4399 huiusmodi
509 4355 599 4400 causa
627 4357 685 4423 pro
709 4354 797 4423 parte
827 4334 926 4404 dictae
951 4337 1139 4405 Catharinae
1166 4337 1294 4424 reginae
1323 4357 1430 4403 coram
1459 4332 1551 4402 nobis
1576 4345 1607 4402 et

236 4433 324 4504 dictis
341 4438 490 4505 omnibus
514 4438 654 4527 legitime
677 4438 773 4508 factas
789 4440 1070 4510 condemnandum
1094 4440 1163 4510 fore
1186 4454 1218 4510 et
1239 4465 1319 4523 esse,
1342 4452 1437 4529 prout
1453 4439 1605 4508 condem·

235 4563 357 4625 namus,
380 4566 475 4632 quam
499 4546 713 4633 impensarum
735 4547 929 4616 taxationem
954 4548 1046 4617 nobis
1069 4550 1102 4615 in
1125 4568 1289 4637 posterum
1312 4569 1520 4614 reservamus.

235 4722 389 4731 ——--..
409 4725 415 4729 .

339 4815 348 4845 ¹
367 4808 419 4861 Die
439 4807 559 4880 Fassung
576 4810 597 4863 B
617 4810 647 4877 (s.
670 4814 733 4881 322)
751 4811 845 4867 lautet:
874 4815 978 4869 Romae
999 4815 1041 4869 die
1059 4814 1138 4869 lunae
1156 4817 1180 4871 v'
1203 4815 1286 4869 esima
1305 4815 1381 4869 tertia
1400 4815 1499 4868 mensis
1518 4815 1604 4868 martii

237 4891 301 4946 1534
320 4877 369 4932 tuit
383 4879 491 4933 consist.
511 4897 577 4935 secr.
597 4881 624 4933 iu
638 4880 700 4936 loco
714 4894 854 4950 consueto,
873 4886 900 4939 in
919 4902 972 4957 quo
987 4885 1173 4940 sanctissimus
1215 4886 1321 4939 ominus
1335 4885 1435 4939 Noster
1453 4894 1480 4938 et
1499 4901 1604 4940 sacrum

234 4947 377 5019 collegium
401 4947 472 5003 dedit
495 4952 654 5005 sententiam
679 4953 704 5006 in
729 4953 849 5008 savorem
868 4957 977 5027 reginae
1001 4955 1115 5027 Angliae
1141 4956 1174 5011 de
1197 4956 1376 5010 matrimomo.
1413 4955 1464 5009 Die
1489 4954 1603 5011 Sentenz

235 5017 316 5073 selbst
333 5020 367 5073 ist
386 5020 458 5074 nicht
478 5021 623 5094 beigelttgt.
