<?xml version="1.0" encoding="UTF-8"?>
<!DOCTYPE html PUBLIC "-//W3C//DTD XHTML 1.0 Transitional//EN"
    "http://www.w3.org/TR/xhtml1/DTD/xhtml1-transitional.dtd">
<html xmlns="http://www.w3.org/1999/xhtml" xml:lang="en" lang="en">
 <head>
  <title>
</title>
<meta http-equiv="Content-Type" content="text/html;charset=utf-8" />
  <meta name='ocr-system' content='tesseract 3.04.00' />
  <meta name='ocr-capabilities' content='ocr_page ocr_carea ocr_par ocr_line ocrx_word'/>
</head>
<body>
  <div class='ocr_page' id='page_1' title='image "./rmischedokument01ehsegoog_0053.png"; bbox 0 0 3820 5592; ppageno 0'>
   <div class='ocr_carea' id='block_1_1' title="bbox 921 1256 953 1337">
    <p class='ocr_par' dir='ltr' id='par_1_1' title="bbox 921 1256 953 1337">
     <span class='ocr_line' id='line_1_1' title="bbox 921 1256 953 1337; baseline -0.063 0"><span class='ocrx_word' id='word_1_1' title='bbox 921 1256 953 1337; x_wconf 89' lang='lat' dir='ltr'>l.</span> 
     </span>
    </p>
   </div>
   <div class='ocr_carea' id='block_1_2' title="bbox 334 1427 1540 1522">
    <p class='ocr_par' dir='ltr' id='par_1_2' title="bbox 334 1427 1540 1522">
     <span class='ocr_line' id='line_1_2' title="bbox 334 1427 1540 1522; baseline 0.007 -29"><span class='ocrx_word' id='word_1_2' title='bbox 334 1427 519 1496; x_wconf 87' lang='lat' dir='ltr'>Heinrich</span> <span class='ocrx_word' id='word_1_3' title='bbox 542 1429 626 1497; x_wconf 90' lang='lat' dir='ltr'>VIII.</span> <span class='ocrx_word' id='word_1_4' title='bbox 651 1453 691 1498; x_wconf 90' lang='lat' dir='ltr'>an</span> <span class='ocrx_word' id='word_1_5' title='bbox 714 1429 862 1498; x_wconf 88' lang='lat' dir='ltr'>Kardinal</span> <span class='ocrx_word' id='word_1_6' title='bbox 885 1428 1047 1500; x_wconf 85' lang='lat' dir='ltr'>Ridolfi.</span> <span class='ocrx_word' id='word_1_7' title='bbox 1094 1430 1260 1514; x_wconf 86' lang='lat' dir='ltr'>Windsor,</span> <span class='ocrx_word' id='word_1_8' title='bbox 1288 1452 1336 1500; x_wconf 92' lang='lat'>10.</span> <span class='ocrx_word' id='word_1_9' title='bbox 1359 1432 1421 1519; x_wconf 88' lang='lat' dir='ltr'>Juli</span> <span class='ocrx_word' id='word_1_10' title='bbox 1448 1454 1540 1522; x_wconf 87' lang='lat'><strong>1527.</strong></span> 
     </span>
    </p>
   </div>
   <div class='ocr_carea' id='block_1_3' title="bbox 254 1586 1626 2283">
    <p class='ocr_par' dir='ltr' id='par_1_3' title="bbox 254 1586 1626 2283">
     <span class='ocr_line' id='line_1_3' title="bbox 360 1586 1624 1665; baseline 0.007 -26"><span class='ocrx_word' id='word_1_11' title='bbox 360 1586 415 1640; x_wconf 89' lang='lat' dir='ltr'>Der</span> <span class='ocrx_word' id='word_1_12' title='bbox 433 1586 521 1659; x_wconf 76' lang='lat' dir='ltr'>Konig</span> <span class='ocrx_word' id='word_1_13' title='bbox 539 1588 640 1659; x_wconf 74' lang='lat' dir='ltr'>bellugt</span> <span class='ocrx_word' id='word_1_14' title='bbox 656 1589 703 1643; x_wconf 83' lang='lat' dir='ltr'>das</span> <span class='ocrx_word' id='word_1_15' title='bbox 724 1588 839 1660; x_wconf 72' lang='lat' dir='ltr'>Unglricle</span> <span class='ocrx_word' id='word_1_16' title='bbox 857 1591 934 1646; x_wconf 89' lang='lat' dir='ltr'>Roms</span> <span class='ocrx_word' id='word_1_17' title='bbox 951 1591 1005 1645; x_wconf 83' lang='lat' dir='ltr'>und</span> <span class='ocrx_word' id='word_1_18' title='bbox 1022 1592 1065 1645; x_wconf 83' lang='lat' dir='ltr'>dir</span> <span class='ocrx_word' id='word_1_19' title='bbox 1085 1591 1300 1662; x_wconf 78' lang='lat' dir='ltr'>Gesangenschuft</span> <span class='ocrx_word' id='word_1_20' title='bbox 1317 1592 1360 1645; x_wconf 83' lang='lat' dir='ltr'>des</span> <span class='ocrx_word' id='word_1_21' title='bbox 1378 1592 1486 1665; x_wconf 81' lang='lat' dir='ltr'>Papstes,</span> <span class='ocrx_word' id='word_1_22' title='bbox 1504 1594 1546 1647; x_wconf 82' lang='lat' dir='ltr'>die</span> <span class='ocrx_word' id='word_1_23' title='bbox 1562 1594 1624 1648; x_wconf 89' lang='lat' dir='ltr'>Ver-</span> 
     </span>
     <span class='ocr_line' id='line_1_4' title="bbox 255 1676 1625 1753; baseline 0.006 -25"><span class='ocrx_word' id='word_1_24' title='bbox 255 1682 373 1747; x_wconf 74' lang='lat' dir='ltr'>weistung</span> <span class='ocrx_word' id='word_1_25' title='bbox 391 1677 472 1730; x_wconf 85' lang='lat' dir='ltr'>vieler</span> <span class='ocrx_word' id='word_1_26' title='bbox 490 1676 602 1730; x_wconf 80' lang='lat' dir='ltr'>Kircben</span> <span class='ocrx_word' id='word_1_27' title='bbox 620 1678 674 1730; x_wconf 84' lang='lat' dir='ltr'>und</span> <span class='ocrx_word' id='word_1_28' title='bbox 692 1677 865 1749; x_wconf 71' lang='lat' dir='ltr'>Heiligtrimer</span> <span class='ocrx_word' id='word_1_29' title='bbox 883 1679 963 1734; x_wconf 84' lang='lat' dir='ltr'><em>durch</em></span> <span class='ocrx_word' id='word_1_30' title='bbox 981 1681 1029 1734; x_wconf 87' lang='lat' dir='ltr'>den</span> <span class='ocrx_word' id='word_1_31' title='bbox 1049 1679 1127 1734; x_wconf 83' lang='lat' dir='ltr'>Sacco</span> <span class='ocrx_word' id='word_1_32' title='bbox 1146 1680 1176 1733; x_wconf 84' lang='lat' dir='ltr'>di</span> <span class='ocrx_word' id='word_1_33' title='bbox 1194 1680 1275 1734; x_wconf 85' lang='lat' dir='ltr'>Roma</span> <span class='ocrx_word' id='word_1_34' title='bbox 1294 1697 1336 1734; x_wconf 83' lang='lat' dir='ltr'>am</span> <span class='ocrx_word' id='word_1_35' title='bbox 1354 1679 1378 1734; x_wconf 84' lang='lat'>6.</span> <span class='ocrx_word' id='word_1_36' title='bbox 1395 1680 1455 1735; x_wconf 85' lang='lat' dir='ltr'>Mai</span> <span class='ocrx_word' id='word_1_37' title='bbox 1473 1697 1549 1753; x_wconf 83' lang='lat'><em>1527.</em></span> <span class='ocrx_word' id='word_1_38' title='bbox 1586 1682 1625 1736; x_wconf 84' lang='lat' dir='ltr'>Er</span> 
     </span>
     <span class='ocr_line' id='line_1_5' title="bbox 254 1765 1625 1842; baseline 0.005 -25"><span class='ocrx_word' id='word_1_39' title='bbox 254 1768 291 1818; x_wconf 86' lang='lat' dir='ltr'>ser&#39;</span> <span class='ocrx_word' id='word_1_40' title='bbox 308 1784 338 1835; x_wconf 71' lang='lat' dir='ltr'>(u</span> <span class='ocrx_word' id='word_1_41' title='bbox 356 1766 430 1837; x_wconf 81' lang='lat' dir='ltr'><em>jeder</em></span> <span class='ocrx_word' id='word_1_42' title='bbox 452 1766 593 1836; x_wconf 79' lang='lat' dir='ltr'>moglichen</span> <span class='ocrx_word' id='word_1_43' title='bbox 617 1765 667 1820; x_wconf 84' lang='lat' dir='ltr'>Art</span> <span class='ocrx_word' id='word_1_44' title='bbox 690 1785 742 1820; x_wconf 85' lang='lat' dir='ltr'>von</span> <span class='ocrx_word' id='word_1_45' title='bbox 760 1766 840 1839; x_wconf 68' lang='lat' dir='ltr'>Heilse</span> <span class='ocrx_word' id='word_1_46' title='bbox 865 1768 943 1822; x_wconf 69' lang='lat' dir='ltr'>berrii</span> <span class='ocrx_word' id='word_1_47' title='bbox 966 1770 1020 1823; x_wconf 82' lang='lat' dir='ltr'>und</span> <span class='ocrx_word' id='word_1_48' title='bbox 1042 1768 1116 1822; x_wconf 80' lang='lat' dir='ltr'>sende</span> <span class='ocrx_word' id='word_1_49' title='bbox 1140 1769 1198 1821; x_wconf 85' lang='lat' dir='ltr'>eben</span> <span class='ocrx_word' id='word_1_50' title='bbox 1218 1771 1279 1838; x_wconf 61' lang='lat' dir='ltr'>jeta!</span> <span class='ocrx_word' id='word_1_51' title='bbox 1301 1768 1349 1822; x_wconf 83' lang='lat' dir='ltr'>den</span> <span class='ocrx_word' id='word_1_52' title='bbox 1368 1769 1502 1823; x_wconf 81' lang='lat' dir='ltr'>Kardinul</span> <span class='ocrx_word' id='word_1_53' title='bbox 1527 1770 1625 1842; x_wconf 84' lang='lat' dir='ltr'>Wolsey</span> 
     </span>
     <span class='ocr_line' id='line_1_6' title="bbox 255 1853 1625 1928; baseline 0.004 -20"><span class='ocrx_word' id='word_1_54' title='bbox 255 1854 319 1908; x_wconf 82' lang='lat' dir='ltr'>noch</span> <span class='ocrx_word' id='word_1_55' title='bbox 336 1854 392 1908; x_wconf 71' lang='lat' dir='ltr'>dun</span> <span class='ocrx_word' id='word_1_56' title='bbox 410 1853 552 1920; x_wconf 81' lang='lat' dir='ltr'>Festlande,</span> <span class='ocrx_word' id='word_1_57' title='bbox 570 1873 614 1908; x_wconf 85' lang='lat' dir='ltr'>um</span> <span class='ocrx_word' id='word_1_58' title='bbox 632 1857 679 1908; x_wconf 83' lang='lat' dir='ltr'>mit</span> <span class='ocrx_word' id='word_1_59' title='bbox 697 1854 784 1926; x_wconf 60' lang='lat' dir='ltr'>Franz</span> <span class='ocrx_word' id='word_1_60' title='bbox 801 1855 822 1909; x_wconf 88' lang='lat'>1.</span> <span class='ocrx_word' id='word_1_61' title='bbox 841 1874 894 1910; x_wconf 84' lang='lat' dir='ltr'>von</span> <span class='ocrx_word' id='word_1_62' title='bbox 912 1856 1069 1911; x_wconf 80' lang='lat' dir='ltr'>Frankreich</span> <span class='ocrx_word' id='word_1_63' title='bbox 1087 1858 1129 1910; x_wconf 86' lang='lat' dir='ltr'>die</span> <span class='ocrx_word' id='word_1_64' title='bbox 1147 1858 1251 1928; x_wconf 76' lang='lat' dir='ltr'>rotigen</span> <span class='ocrx_word' id='word_1_65' title='bbox 1271 1855 1379 1910; x_wconf 81' lang='lat' dir='ltr'>Schritte</span> <span class='ocrx_word' id='word_1_66' title='bbox 1396 1875 1427 1927; x_wconf 70' lang='lat' dir='ltr'>(u</span> <span class='ocrx_word' id='word_1_67' title='bbox 1446 1859 1555 1913; x_wconf 76' lang='lat' dir='ltr'>heruteu.</span> <span class='ocrx_word' id='word_1_68' title='bbox 1588 1859 1625 1912; x_wconf 87' lang='lat' dir='ltr'>Er</span> 
     </span>
     <span class='ocr_line' id='line_1_7' title="bbox 255 1942 1626 2018; baseline 0.003 -21"><span class='ocrx_word' id='word_1_69' title='bbox 255 1944 315 1997; x_wconf 80' lang='lat' dir='ltr'>bitte</span> <span class='ocrx_word' id='word_1_70' title='bbox 331 1944 410 1998; x_wconf 82' lang='lat' dir='ltr'>daher</span> <span class='ocrx_word' id='word_1_71' title='bbox 428 1944 476 1997; x_wconf 86' lang='lat' dir='ltr'>den</span> <span class='ocrx_word' id='word_1_72' title='bbox 495 1942 630 1998; x_wconf 84' lang='lat' dir='ltr'>Kardr&#39;nal</span> <span class='ocrx_word' id='word_1_73' title='bbox 647 1944 754 2015; x_wconf 73' lang='lat' dir='ltr'>Ridolfi,</span> <span class='ocrx_word' id='word_1_74' title='bbox 778 1945 829 1998; x_wconf 79' lang='lat' dir='ltr'>se&#39;ch</span> <span class='ocrx_word' id='word_1_75' title='bbox 846 1947 895 1999; x_wconf 84' lang='lat' dir='ltr'>mit</span> <span class='ocrx_word' id='word_1_76' title='bbox 912 1947 961 1999; x_wconf 86' lang='lat' dir='ltr'>den</span> <span class='ocrx_word' id='word_1_77' title='bbox 979 1947 1087 2018; x_wconf 73' lang='lat' dir='ltr'>rilrrr&#39;gen</span> <span class='ocrx_word' id='word_1_78' title='bbox 1105 1945 1279 1999; x_wconf 81' lang='lat' dir='ltr'>italieniscben</span> <span class='ocrx_word' id='word_1_79' title='bbox 1297 1945 1474 2012; x_wconf 80' lang='lat' dir='ltr'>Kardindlen,</span> <span class='ocrx_word' id='word_1_80' title='bbox 1497 1948 1539 2000; x_wconf 86' lang='lat' dir='ltr'>die</span> <span class='ocrx_word' id='word_1_81' title='bbox 1557 1948 1626 2001; x_wconf 83' lang='lat' dir='ltr'>nicht</span> 
     </span>
     <span class='ocr_line' id='line_1_8' title="bbox 255 2032 1625 2108; baseline 0.002 -22"><span class='ocrx_word' id='word_1_82' title='bbox 255 2035 303 2086; x_wconf 83' lang='lat' dir='ltr'>mit</span> <span class='ocrx_word' id='word_1_83' title='bbox 320 2033 376 2086; x_wconf 88' lang='lat' dir='ltr'>dem</span> <span class='ocrx_word' id='word_1_84' title='bbox 394 2032 483 2105; x_wconf 83' lang='lat' dir='ltr'>Papste</span> <span class='ocrx_word' id='word_1_85' title='bbox 499 2033 628 2104; x_wconf 78' lang='lat' dir='ltr'>gefangen</span> <span class='ocrx_word' id='word_1_86' title='bbox 644 2034 721 2098; x_wconf 80' lang='lat' dir='ltr'>scien,</span> <span class='ocrx_word' id='word_1_87' title='bbox 739 2033 778 2086; x_wconf 82' lang='lat' dir='ltr'>bri</span> <span class='ocrx_word' id='word_1_88' title='bbox 799 2034 881 2087; x_wconf 81' lang='lat' dir='ltr'><em>dieser</em></span> <span class='ocrx_word' id='word_1_89' title='bbox 900 2035 1127 2107; x_wconf 80' lang='lat' dir='ltr'>Zusammenkunst</span> <span class='ocrx_word' id='word_1_90' title='bbox 1144 2034 1269 2106; x_wconf 72' lang='lat' dir='ltr'>einfiuden</span> <span class='ocrx_word' id='word_1_91' title='bbox 1292 2052 1323 2104; x_wconf 69' lang='lat' dir='ltr'>(aa</span> <span class='ocrx_word' id='word_1_92' title='bbox 1341 2036 1446 2101; x_wconf 83' lang='lat' dir='ltr'>wellen,</span> <span class='ocrx_word' id='word_1_93' title='bbox 1472 2054 1515 2089; x_wconf 85' lang='lat' dir='ltr'>um</span> <span class='ocrx_word' id='word_1_94' title='bbox 1534 2038 1562 2089; x_wconf 87' lang='grc' dir='ltr'>ἰιι</span> <span class='ocrx_word' id='word_1_95' title='bbox 1577 2055 1625 2108; x_wconf 78' lang='lat' dir='ltr'>gr-</span> 
     </span>
     <span class='ocr_line' id='line_1_9' title="bbox 255 2121 1625 2196; baseline 0.002 -22"><span class='ocrx_word' id='word_1_96' title='bbox 255 2123 405 2175; x_wconf 82' lang='lat' dir='ltr'>mer&#39;nsamer</span> <span class='ocrx_word' id='word_1_97' title='bbox 428 2121 561 2193; x_wconf 81' lang='lat' dir='ltr'>Beratung</span> <span class='ocrx_word' id='word_1_98' title='bbox 577 2121 629 2192; x_wconf 69' lang='lat' dir='ltr'>sair</span> <span class='ocrx_word' id='word_1_99' title='bbox 651 2122 693 2174; x_wconf 85' lang='lat' dir='ltr'>die</span> <span class='ocrx_word' id='word_1_100' title='bbox 717 2122 858 2194; x_wconf 77' lang='lat' dir='ltr'>Besrer‘ung</span> <span class='ocrx_word' id='word_1_101' title='bbox 880 2124 923 2176; x_wconf 85' lang='lat' dir='ltr'>des</span> <span class='ocrx_word' id='word_1_102' title='bbox 948 2123 1047 2196; x_wconf 80' lang='lat' dir='ltr'>Papstes</span> <span class='ocrx_word' id='word_1_103' title='bbox 1070 2141 1100 2193; x_wconf 68' lang='grc' dir='ltr'>(ιι</span> <span class='ocrx_word' id='word_1_104' title='bbox 1124 2123 1231 2177; x_wconf 79' lang='lat' dir='ltr'>wirkm.</span> <span class='ocrx_word' id='word_1_105' title='bbox 1267 2122 1324 2176; x_wconf 88' lang='lat' dir='ltr'>Der</span> <span class='ocrx_word' id='word_1_106' title='bbox 1346 2123 1434 2195; x_wconf 78' lang='lat' dir='ltr'>Kcim&#39;g</span> <span class='ocrx_word' id='word_1_107' title='bbox 1456 2125 1541 2178; x_wconf 85' lang='lat' dir='ltr'><em>werde</em></span> <span class='ocrx_word' id='word_1_108' title='bbox 1563 2127 1625 2179; x_wconf 85' lang='lat' dir='ltr'>alles</span> 
     </span>
     <span class='ocr_line' id='line_1_10' title="bbox 255 2208 1312 2283; baseline 0.001 -19"><span class='ocrx_word' id='word_1_109' title='bbox 255 2211 314 2264; x_wconf 70' lang='lat' dir='ltr'>dori</span> <span class='ocrx_word' id='word_1_110' title='bbox 331 2209 500 2264; x_wconf 82' lang='lat' dir='ltr'>Besclrlossene</span> <span class='ocrx_word' id='word_1_111' title='bbox 516 2208 622 2281; x_wconf 80' lang='lat' dir='ltr'>genebrn</span> <span class='ocrx_word' id='word_1_112' title='bbox 639 2209 724 2264; x_wconf 78' lang='lat' dir='ltr'>haltere</span> <span class='ocrx_word' id='word_1_113' title='bbox 743 2210 796 2264; x_wconf 83' lang='lat' dir='ltr'>und</span> <span class='ocrx_word' id='word_1_114' title='bbox 815 2210 879 2265; x_wconf 84' lang='lat' dir='ltr'>nach</span> <span class='ocrx_word' id='word_1_115' title='bbox 897 2210 1009 2283; x_wconf 80' lang='lat' dir='ltr'>Krdsten</span> <span class='ocrx_word' id='word_1_116' title='bbox 1028 2211 1198 2282; x_wconf 68' lang='lat' dir='ltr'>ausausahren</span> <span class='ocrx_word' id='word_1_117' title='bbox 1215 2211 1312 2265; x_wconf 76' lang='lat' dir='ltr'>sochen.</span> 
     </span>
    </p>
   </div>
   <div class='ocr_carea' id='block_1_4' title="bbox 399 2369 1484 2559">
    <p class='ocr_par' dir='ltr' id='par_1_4' title="bbox 399 2369 1484 2559">
     <span class='ocr_line' id='line_1_11' title="bbox 399 2369 1484 2458; baseline -0.001 -19"><span class='ocrx_word' id='word_1_118' title='bbox 399 2371 495 2439; x_wconf 87' lang='lat' dir='ltr'>Rmo.</span> <span class='ocrx_word' id='word_1_119' title='bbox 523 2370 556 2437; x_wconf 93' lang='lat' dir='ltr'>in</span> <span class='ocrx_word' id='word_1_120' title='bbox 585 2369 713 2438; x_wconf 89' lang='lat' dir='ltr'>Christo</span> <span class='ocrx_word' id='word_1_121' title='bbox 741 2372 825 2438; x_wconf 91' lang='lat' dir='ltr'>Patri</span> <span class='ocrx_word' id='word_1_122' title='bbox 852 2371 998 2438; x_wconf 91' lang='lat' dir='ltr'>Domino</span> <span class='ocrx_word' id='word_1_123' title='bbox 1027 2370 1173 2438; x_wconf 84' lang='lat' dir='ltr'>cardinali</span> <span class='ocrx_word' id='word_1_124' title='bbox 1197 2369 1352 2453; x_wconf 89' lang='lat' dir='ltr'>Rodulfo,</span> <span class='ocrx_word' id='word_1_125' title='bbox 1379 2369 1484 2458; x_wconf 86' lang='lat' dir='ltr'>legato</span> 
     </span>
     <span class='ocr_line' id='line_1_12' title="bbox 611 2476 1271 2559; baseline 0.002 -17"><span class='ocrx_word' id='word_1_126' title='bbox 611 2476 809 2559; x_wconf 90' lang='lat' dir='ltr'>Patrimonii,</span> <span class='ocrx_word' id='word_1_127' title='bbox 832 2477 937 2544; x_wconf 89' lang='lat' dir='ltr'>amico</span> <span class='ocrx_word' id='word_1_128' title='bbox 961 2494 1074 2545; x_wconf 88' lang='lat' dir='ltr'>nostro</span> <span class='ocrx_word' id='word_1_129' title='bbox 1098 2477 1271 2545; x_wconf 90' lang='lat' dir='ltr'>carissimo.</span> 
     </span>
    </p>
   </div>
   <div class='ocr_carea' id='block_1_5' title="bbox 253 2604 1625 4939">
    <p class='ocr_par' dir='ltr' id='par_1_5' title="bbox 253 2604 1625 4939">
     <span class='ocr_line' id='line_1_13' title="bbox 359 2604 1625 2706; baseline 0.002 -22"><span class='ocrx_word' id='word_1_130' title='bbox 359 2604 517 2687; x_wconf 88' lang='lat' dir='ltr'>Henricus</span> <span class='ocrx_word' id='word_1_131' title='bbox 540 2618 581 2687; x_wconf 88' lang='lat' dir='ltr'>D.</span> <span class='ocrx_word' id='word_1_132' title='bbox 604 2640 651 2706; x_wconf 90' lang='lat' dir='ltr'>gr.</span> <span class='ocrx_word' id='word_1_133' title='bbox 675 2639 731 2685; x_wconf 82' lang='lat' dir='ltr'>rex</span> <span class='ocrx_word' id='word_1_134' title='bbox 752 2616 887 2706; x_wconf 87' lang='lat' dir='ltr'>Angliae</span> <span class='ocrx_word' id='word_1_135' title='bbox 910 2630 942 2687; x_wconf 91' lang='lat' dir='ltr'>et</span> <span class='ocrx_word' id='word_1_136' title='bbox 958 2618 1122 2700; x_wconf 73' lang='lat' dir='ltr'>franciae,</span> <span class='ocrx_word' id='word_1_137' title='bbox 1146 2615 1220 2685; x_wconf 90' lang='lat' dir='ltr'>fidei</span> <span class='ocrx_word' id='word_1_138' title='bbox 1243 2615 1393 2685; x_wconf 90' lang='lat' dir='ltr'>defensor</span> <span class='ocrx_word' id='word_1_139' title='bbox 1415 2641 1451 2685; x_wconf 91' lang='lat' dir='ltr'>ac</span> <span class='ocrx_word' id='word_1_140' title='bbox 1474 2617 1625 2688; x_wconf 85' lang='lat' dir='ltr'>dominus</span> 
     </span>
     <span class='ocr_line' id='line_1_14' title="bbox 255 2721 1624 2806; baseline 0 -15"><span class='ocrx_word' id='word_1_141' title='bbox 255 2723 423 2792; x_wconf 86' lang='lat' dir='ltr'>Hiberniae</span> <span class='ocrx_word' id='word_1_142' title='bbox 452 2724 548 2792; x_wconf 91' lang='lat' dir='ltr'>ano.</span> <span class='ocrx_word' id='word_1_143' title='bbox 585 2724 617 2789; x_wconf 94' lang='lat' dir='ltr'>in</span> <span class='ocrx_word' id='word_1_144' title='bbox 648 2722 777 2792; x_wconf 89' lang='lat' dir='ltr'>Christo</span> <span class='ocrx_word' id='word_1_145' title='bbox 811 2724 895 2791; x_wconf 90' lang='lat' dir='ltr'>Patri</span> <span class='ocrx_word' id='word_1_146' title='bbox 930 2725 961 2791; x_wconf 89' lang='lat' dir='ltr'>S.</span> <span class='ocrx_word' id='word_1_147' title='bbox 999 2725 1037 2793; x_wconf 92' lang='lat' dir='ltr'>R.</span> <span class='ocrx_word' id='word_1_148' title='bbox 1073 2723 1107 2791; x_wconf 89' lang='lat' dir='ltr'>E.</span> <span class='ocrx_word' id='word_1_149' title='bbox 1146 2721 1293 2790; x_wconf 83' lang='lat' dir='ltr'>cardinali</span> <span class='ocrx_word' id='word_1_150' title='bbox 1324 2721 1479 2806; x_wconf 87' lang='lat' dir='ltr'>Rodulfo,</span> <span class='ocrx_word' id='word_1_151' title='bbox 1519 2725 1624 2791; x_wconf 88' lang='lat' dir='ltr'>amico</span> 
     </span>
     <span class='ocr_line' id='line_1_15' title="bbox 255 2829 1625 2919; baseline 0 -21"><span class='ocrx_word' id='word_1_152' title='bbox 255 2843 367 2899; x_wconf 91' lang='lat' dir='ltr'>nostro</span> <span class='ocrx_word' id='word_1_153' title='bbox 396 2831 527 2898; x_wconf 87' lang='lat' dir='ltr'>Carmo.</span> <span class='ocrx_word' id='word_1_154' title='bbox 556 2829 610 2897; x_wconf 90' lang='lat' dir='ltr'>sal.</span> <span class='ocrx_word' id='word_1_155' title='bbox 659 2830 858 2898; x_wconf 86' lang='lat' dir='ltr'>Arbitramur</span> <span class='ocrx_word' id='word_1_156' title='bbox 890 2829 1074 2898; x_wconf 79' lang='lat' dir='ltr'>mortalium</span> <span class='ocrx_word' id='word_1_157' title='bbox 1109 2831 1274 2897; x_wconf 88' lang='lat' dir='ltr'>neminem</span> <span class='ocrx_word' id='word_1_158' title='bbox 1305 2852 1389 2912; x_wconf 87' lang='lat' dir='ltr'>esse,</span> <span class='ocrx_word' id='word_1_159' title='bbox 1420 2830 1474 2919; x_wconf 91' lang='lat' dir='ltr'>qui</span> <span class='ocrx_word' id='word_1_160' title='bbox 1502 2829 1625 2898; x_wconf 85' lang='lat' dir='ltr'><strong>cladem</strong></span> 
     </span>
     <span class='ocr_line' id='line_1_16' title="bbox 256 2935 1624 3027; baseline 0.002 -25"><span class='ocrx_word' id='word_1_161' title='bbox 256 2948 287 3003; x_wconf 92' lang='lat' dir='ltr'>et</span> <span class='ocrx_word' id='word_1_162' title='bbox 310 2936 536 3005; x_wconf 89' lang='lat' dir='ltr'>contumeliam</span> <span class='ocrx_word' id='word_1_163' title='bbox 565 2935 665 3004; x_wconf 90' lang='lat' dir='ltr'>almae</span> <span class='ocrx_word' id='word_1_164' title='bbox 693 2936 777 3004; x_wconf 91' lang='lat' dir='ltr'>urbis</span> <span class='ocrx_word' id='word_1_165' title='bbox 801 2937 925 3005; x_wconf 88' lang='lat' dir='ltr'>Romae</span> <span class='ocrx_word' id='word_1_166' title='bbox 950 2936 1061 3027; x_wconf 89' lang='lat' dir='ltr'>(quarn</span> <span class='ocrx_word' id='word_1_167' title='bbox 1085 2935 1318 3024; x_wconf 88' lang='lat' dir='ltr'>Apostolorum</span> <span class='ocrx_word' id='word_1_168' title='bbox 1342 2935 1452 3003; x_wconf 88' lang='lat' dir='ltr'>sedem</span> <span class='ocrx_word' id='word_1_169' title='bbox 1481 2935 1520 3003; x_wconf 88' lang='lat' dir='ltr'>ad</span> <span class='ocrx_word' id='word_1_170' title='bbox 1548 2935 1624 3005; x_wconf 88' lang='lat' dir='ltr'>haec</span> 
     </span>
     <span class='ocr_line' id='line_1_17' title="bbox 256 3042 1624 3133; baseline 0.001 -23"><span class='ocrx_word' id='word_1_171' title='bbox 256 3066 353 3133; x_wconf 92' lang='lat' dir='ltr'>usque</span> <span class='ocrx_word' id='word_1_172' title='bbox 386 3055 532 3131; x_wconf 89' lang='lat' dir='ltr'>tempora</span> <span class='ocrx_word' id='word_1_173' title='bbox 560 3065 685 3110; x_wconf 85' lang='lat' dir='ltr'>summa</span> <span class='ocrx_word' id='word_1_174' title='bbox 713 3044 859 3110; x_wconf 89' lang='lat' dir='ltr'>omnium</span> <span class='ocrx_word' id='word_1_175' title='bbox 888 3045 1094 3111; x_wconf 90' lang='lat' dir='ltr'>veneratione</span> <span class='ocrx_word' id='word_1_176' title='bbox 1127 3044 1347 3110; x_wconf 84' lang='lat' dir='ltr'>intemeratam</span> <span class='ocrx_word' id='word_1_177' title='bbox 1376 3042 1521 3110; x_wconf 86' lang='lat' dir='ltr'>Christus</span> <span class='ocrx_word' id='word_1_178' title='bbox 1554 3067 1624 3111; x_wconf 89' lang='lat' dir='ltr'>esse</span> 
     </span>
     <span class='ocr_line' id='line_1_18' title="bbox 255 3147 1624 3245; baseline -0.001 -28"><span class='ocrx_word' id='word_1_179' title='bbox 255 3147 372 3239; x_wconf 89' lang='lat' dir='ltr'>voluit)</span> <span class='ocrx_word' id='word_1_180' title='bbox 400 3160 454 3217; x_wconf 91' lang='lat' dir='ltr'>aut</span> <span class='ocrx_word' id='word_1_181' title='bbox 482 3149 588 3245; x_wconf 24' lang='lat' dir='ltr'>siccis*</span> <span class='ocrx_word' id='word_1_182' title='bbox 601 3148 700 3216; x_wconf 91' lang='lat' dir='ltr'>oculis</span> <span class='ocrx_word' id='word_1_183' title='bbox 729 3147 848 3232; x_wconf 88' lang='lat' dir='ltr'>videre,</span> <span class='ocrx_word' id='word_1_184' title='bbox 871 3161 924 3218; x_wconf 88' lang='lat' dir='ltr'>aut</span> <span class='ocrx_word' id='word_1_185' title='bbox 954 3173 1021 3217; x_wconf 92' lang='lat' dir='ltr'>non</span> <span class='ocrx_word' id='word_1_186' title='bbox 1052 3164 1203 3237; x_wconf 85' lang='lat' dir='ltr'>gemente</span> <span class='ocrx_word' id='word_1_187' title='bbox 1235 3147 1332 3216; x_wconf 92' lang='lat' dir='ltr'>corde</span> <span class='ocrx_word' id='word_1_188' title='bbox 1359 3149 1448 3217; x_wconf 90' lang='lat' dir='ltr'>triste</span> <span class='ocrx_word' id='word_1_189' title='bbox 1476 3150 1624 3216; x_wconf 89' lang='lat' dir='ltr'>nuntium</span> 
     </span>
     <span class='ocr_line' id='line_1_19' title="bbox 254 3253 1623 3344; baseline 0.001 -23"><span class='ocrx_word' id='word_1_190' title='bbox 254 3253 361 3322; x_wconf 89' lang='lat' dir='ltr'>audire</span> <span class='ocrx_word' id='word_1_191' title='bbox 384 3256 533 3344; x_wconf 90' lang='lat' dir='ltr'>potuerit.</span> <span class='ocrx_word' id='word_1_192' title='bbox 579 3254 680 3338; x_wconf 91' lang='lat' dir='ltr'>Quod</span> <span class='ocrx_word' id='word_1_193' title='bbox 704 3257 790 3323; x_wconf 91' lang='lat' dir='ltr'>enim</span> <span class='ocrx_word' id='word_1_194' title='bbox 814 3254 933 3323; x_wconf 88' lang='lat' dir='ltr'>facinus</span> <span class='ocrx_word' id='word_1_195' title='bbox 957 3256 1129 3344; x_wconf 81' lang='lat' dir='ltr'>excogitari</span> <span class='ocrx_word' id='word_1_196' title='bbox 1151 3266 1298 3344; x_wconf 90' lang='lat' dir='ltr'>potuerat</span> <span class='ocrx_word' id='word_1_197' title='bbox 1320 3253 1500 3323; x_wconf 85' lang='lat' dir='ltr'>sceleratius</span> <span class='ocrx_word' id='word_1_198' title='bbox 1516 3253 1553 3321; x_wconf 88' lang='lat' dir='ltr'>ab</span> <span class='ocrx_word' id='word_1_199' title='bbox 1575 3255 1623 3323; x_wconf 91' lang='lat' dir='ltr'>his</span> 
     </span>
     <span class='ocr_line' id='line_1_20' title="bbox 254 3359 1623 3451; baseline 0.002 -25"><span class='ocrx_word' id='word_1_200' title='bbox 254 3361 449 3449; x_wconf 89' lang='lat' dir='ltr'>praesertim,</span> <span class='ocrx_word' id='word_1_201' title='bbox 473 3362 526 3451; x_wconf 91' lang='lat' dir='ltr'>qui</span> <span class='ocrx_word' id='word_1_202' title='bbox 549 3383 584 3429; x_wconf 88' lang='lat' dir='ltr'>se</span> <span class='ocrx_word' id='word_1_203' title='bbox 599 3360 700 3430; x_wconf 90' lang='lat' dir='ltr'>semel</span> <span class='ocrx_word' id='word_1_204' title='bbox 716 3360 899 3430; x_wconf 87' lang='lat' dir='ltr'>addixerant</span> <span class='ocrx_word' id='word_1_205' title='bbox 914 3361 1071 3450; x_wconf 87' lang='lat' dir='ltr'>religioni,</span> <span class='ocrx_word' id='word_1_206' title='bbox 1095 3384 1190 3451; x_wconf 89' lang='lat' dir='ltr'>quam</span> <span class='ocrx_word' id='word_1_207' title='bbox 1207 3380 1241 3428; x_wconf 90' lang='lat' dir='ltr'>ut</span> <span class='ocrx_word' id='word_1_208' title='bbox 1264 3384 1336 3428; x_wconf 87' lang='lat' dir='ltr'>earn</span> <span class='ocrx_word' id='word_1_209' title='bbox 1351 3359 1457 3428; x_wconf 93' lang='lat' dir='ltr'>modis</span> <span class='ocrx_word' id='word_1_210' title='bbox 1474 3360 1623 3429; x_wconf 90' lang='lat' dir='ltr'>omnibus</span> 
     </span>
     <span class='ocr_line' id='line_1_21' title="bbox 254 3467 1622 3557; baseline 0.001 -23"><span class='ocrx_word' id='word_1_211' title='bbox 254 3490 339 3535; x_wconf 89' lang='lat' dir='ltr'>nunc</span> <span class='ocrx_word' id='word_1_212' title='bbox 367 3467 500 3557; x_wconf 90' lang='lat' dir='ltr'>perdere</span> <span class='ocrx_word' id='word_1_213' title='bbox 533 3470 703 3536; x_wconf 89' lang='lat' dir='ltr'>conentur!</span> <span class='ocrx_word' id='word_1_214' title='bbox 751 3469 901 3550; x_wconf 89' lang='lat' dir='ltr'>Quorum</span> <span class='ocrx_word' id='word_1_215' title='bbox 938 3480 1023 3536; x_wconf 90' lang='lat' dir='ltr'>certe</span> <span class='ocrx_word' id='word_1_216' title='bbox 1058 3486 1122 3535; x_wconf 89' lang='lat' dir='ltr'>tam</span> <span class='ocrx_word' id='word_1_217' title='bbox 1161 3490 1310 3556; x_wconf 89' lang='lat' dir='ltr'>praeceps</span> <span class='ocrx_word' id='word_1_218' title='bbox 1339 3468 1440 3535; x_wconf 82' lang='lat' dir='ltr'>extitit</span> <span class='ocrx_word' id='word_1_219' title='bbox 1467 3467 1622 3556; x_wconf 88' lang='lat' dir='ltr'>impietas,</span> 
     </span>
     <span class='ocr_line' id='line_1_22' title="bbox 254 3572 1624 3665; baseline 0.001 -24"><span class='ocrx_word' id='word_1_220' title='bbox 254 3586 288 3641; x_wconf 91' lang='lat' dir='ltr'>ut</span> <span class='ocrx_word' id='word_1_221' title='bbox 316 3573 472 3642; x_wconf 87' lang='lat' dir='ltr'>dirissima</span> <span class='ocrx_word' id='word_1_222' title='bbox 503 3594 533 3642; x_wconf 94' lang='lat' dir='ltr'>et</span> <span class='ocrx_word' id='word_1_223' title='bbox 564 3573 778 3643; x_wconf 88' lang='lat' dir='ltr'>crudelissima</span> <span class='ocrx_word' id='word_1_224' title='bbox 806 3597 948 3665; x_wconf 89' lang='lat' dir='ltr'>quaeque</span> <span class='ocrx_word' id='word_1_225' title='bbox 978 3576 1012 3642; x_wconf 93' lang='lat' dir='ltr'>in</span> <span class='ocrx_word' id='word_1_226' title='bbox 1036 3574 1276 3642; x_wconf 88' lang='lat' dir='ltr'>Sanctissimum</span> <span class='ocrx_word' id='word_1_227' title='bbox 1305 3572 1346 3640; x_wconf 88' lang='lat' dir='ltr'>D.</span> <span class='ocrx_word' id='word_1_228' title='bbox 1369 3574 1423 3655; x_wconf 80' lang='lat' dir='ltr'>N,</span> <span class='ocrx_word' id='word_1_229' title='bbox 1451 3596 1562 3641; x_wconf 90' lang='lat' dir='ltr'>verum</span> <span class='ocrx_word' id='word_1_230' title='bbox 1591 3586 1624 3642; x_wconf 88' lang='lat' dir='ltr'>et</span> 
     </span>
     <span class='ocr_line' id='line_1_23' title="bbox 255 3679 1622 3769; baseline 0 -21"><span class='ocrx_word' id='word_1_231' title='bbox 255 3682 383 3749; x_wconf 91' lang='lat' dir='ltr'>unicum</span> <span class='ocrx_word' id='word_1_232' title='bbox 411 3682 444 3747; x_wconf 90' lang='lat' dir='ltr'>in</span> <span class='ocrx_word' id='word_1_233' title='bbox 472 3682 562 3748; x_wconf 90' lang='lat' dir='ltr'>terris</span> <span class='ocrx_word' id='word_1_234' title='bbox 586 3680 705 3749; x_wconf 88' lang='lat' dir='ltr'>Christi</span> <span class='ocrx_word' id='word_1_235' title='bbox 732 3682 884 3749; x_wconf 92' lang='lat' dir='ltr'>vicarium</span> <span class='ocrx_word' id='word_1_236' title='bbox 913 3693 1035 3769; x_wconf 88' lang='lat' dir='ltr'>patrare</span> <span class='ocrx_word' id='word_1_237' title='bbox 1063 3682 1126 3749; x_wconf 91' lang='lat' dir='ltr'>sint</span> <span class='ocrx_word' id='word_1_238' title='bbox 1153 3682 1220 3748; x_wconf 89' lang='lat' dir='ltr'>ausi</span> <span class='ocrx_word' id='word_1_239' title='bbox 1244 3703 1347 3769; x_wconf 89' lang='lat' dir='ltr'>eoque</span> <span class='ocrx_word' id='word_1_240' title='bbox 1371 3680 1471 3768; x_wconf 89' lang='lat' dir='ltr'>capite</span> <span class='ocrx_word' id='word_1_241' title='bbox 1500 3679 1622 3748; x_wconf 88' lang='lat' dir='ltr'>sublato</span> 
     </span>
     <span class='ocr_line' id='line_1_24' title="bbox 253 3785 1622 3876; baseline 0 -22"><span class='ocrx_word' id='word_1_242' title='bbox 253 3787 479 3876; x_wconf 90' lang='lat' dir='ltr'>Dominicique</span> <span class='ocrx_word' id='word_1_243' title='bbox 509 3789 615 3875; x_wconf 88' lang='lat' dir='ltr'>gregis</span> <span class='ocrx_word' id='word_1_244' title='bbox 643 3810 794 3876; x_wconf 90' lang='lat' dir='ltr'>percusso</span> <span class='ocrx_word' id='word_1_245' title='bbox 822 3800 950 3876; x_wconf 90' lang='lat' dir='ltr'>pastore</span> <span class='ocrx_word' id='word_1_246' title='bbox 978 3805 1085 3855; x_wconf 88' lang='lat' dir='ltr'>sancta</span> <span class='ocrx_word' id='word_1_247' title='bbox 1113 3798 1276 3854; x_wconf 90' lang='lat' dir='ltr'>corrueret</span> <span class='ocrx_word' id='word_1_248' title='bbox 1302 3785 1450 3868; x_wconf 88' lang='lat' dir='ltr'>ecclesia,</span> <span class='ocrx_word' id='word_1_249' title='bbox 1478 3785 1622 3875; x_wconf 90' lang='lat' dir='ltr'>lupisque</span> 
     </span>
     <span class='ocr_line' id='line_1_25' title="bbox 254 3889 1623 3981; baseline 0.001 -22"><span class='ocrx_word' id='word_1_250' title='bbox 254 3892 415 3981; x_wconf 89' lang='lat' dir='ltr'>rapacibus</span> <span class='ocrx_word' id='word_1_251' title='bbox 438 3905 619 3961; x_wconf 87' lang='lat' dir='ltr'>asservante</span> <span class='ocrx_word' id='word_1_252' title='bbox 642 3895 773 3962; x_wconf 90' lang='lat' dir='ltr'>nemine</span> <span class='ocrx_word' id='word_1_253' title='bbox 797 3916 875 3963; x_wconf 88' lang='lat' dir='ltr'>oves</span> <span class='ocrx_word' id='word_1_254' title='bbox 903 3891 1066 3961; x_wconf 88' lang='lat' dir='ltr'>laniandae</span> <span class='ocrx_word' id='word_1_255' title='bbox 1095 3891 1302 3961; x_wconf 87' lang='lat' dir='ltr'>traderentur.</span> <span class='ocrx_word' id='word_1_256' title='bbox 1349 3890 1400 3958; x_wconf 86' lang='lat' dir='ltr'>Ad</span> <span class='ocrx_word' id='word_1_257' title='bbox 1424 3892 1501 3959; x_wconf 89' lang='lat' dir='ltr'>haec</span> <span class='ocrx_word' id='word_1_258' title='bbox 1525 3889 1623 3981; x_wconf 89' lang='lat' dir='ltr'>(quae</span> 
     </span>
     <span class='ocr_line' id='line_1_26' title="bbox 254 3997 1622 4088; baseline 0 -22"><span class='ocrx_word' id='word_1_259' title='bbox 254 3997 389 4067; x_wconf 82' lang='lat' dir='ltr'>nefanda</span> <span class='ocrx_word' id='word_1_260' title='bbox 411 3999 529 4067; x_wconf 87' lang='lat' dir='ltr'>scelera</span> <span class='ocrx_word' id='word_1_261' title='bbox 557 3999 749 4069; x_wconf 88' lang='lat' dir='ltr'>catholicum</span> <span class='ocrx_word' id='word_1_262' title='bbox 776 4013 887 4088; x_wconf 90' lang='lat' dir='ltr'>pectus</span> <span class='ocrx_word' id='word_1_263' title='bbox 915 4000 1099 4067; x_wconf 86' lang='lat' dir='ltr'>meminisse</span> <span class='ocrx_word' id='word_1_264' title='bbox 1128 3997 1254 4088; x_wconf 89' lang='lat' dir='ltr'>horret)</span> <span class='ocrx_word' id='word_1_265' title='bbox 1287 4021 1305 4065; x_wconf 91' lang='lat' dir='ltr'>a</span> <span class='ocrx_word' id='word_1_266' title='bbox 1338 3999 1473 4065; x_wconf 88' lang='lat' dir='ltr'>sacrario</span> <span class='ocrx_word' id='word_1_267' title='bbox 1504 3997 1622 4066; x_wconf 89' lang='lat' dir='ltr'>Christi</span> 
     </span>
     <span class='ocr_line' id='line_1_27' title="bbox 253 4101 1622 4191; baseline -0.001 -19"><span class='ocrx_word' id='word_1_268' title='bbox 253 4128 321 4172; x_wconf 91' lang='lat' dir='ltr'>non</span> <span class='ocrx_word' id='word_1_269' title='bbox 345 4105 572 4189; x_wconf 88' lang='lat' dir='ltr'>abstinuerunt,</span> <span class='ocrx_word' id='word_1_270' title='bbox 595 4104 652 4173; x_wconf 92' lang='lat' dir='ltr'>sed</span> <span class='ocrx_word' id='word_1_271' title='bbox 674 4104 927 4174; x_wconf 89' lang='lat' dir='ltr'>crudelissimum</span> <span class='ocrx_word' id='word_1_272' title='bbox 949 4103 1069 4173; x_wconf 85' lang='lat' dir='ltr'>facinus</span> <span class='ocrx_word' id='word_1_273' title='bbox 1093 4103 1312 4172; x_wconf 90' lang='lat' dir='ltr'>crudelissimo</span> <span class='ocrx_word' id='word_1_274' title='bbox 1333 4101 1474 4171; x_wconf 84' lang='lat' dir='ltr'>facinore</span> <span class='ocrx_word' id='word_1_275' title='bbox 1496 4125 1622 4191; x_wconf 89' lang='lat' dir='ltr'>supera·</span> 
     </span>
     <span class='ocr_line' id='line_1_28' title="bbox 253 4208 1623 4302; baseline -0.001 -23"><span class='ocrx_word' id='word_1_276' title='bbox 253 4223 327 4280; x_wconf 90' lang='lat' dir='ltr'>runt</span> <span class='ocrx_word' id='word_1_277' title='bbox 349 4230 518 4302; x_wconf 88' lang='lat' dir='ltr'>sanctaque</span> <span class='ocrx_word' id='word_1_278' title='bbox 542 4213 666 4280; x_wconf 88' lang='lat' dir='ltr'>civitate</span> <span class='ocrx_word' id='word_1_279' title='bbox 688 4235 745 4301; x_wconf 90' lang='lat' dir='ltr'>per</span> <span class='ocrx_word' id='word_1_280' title='bbox 768 4213 832 4280; x_wconf 92' lang='lat' dir='ltr'>vim</span> <span class='ocrx_word' id='word_1_281' title='bbox 857 4224 888 4280; x_wconf 91' lang='lat' dir='ltr'>et</span> <span class='ocrx_word' id='word_1_282' title='bbox 910 4213 1052 4301; x_wconf 89' lang='lat' dir='ltr'>rapinam</span> <span class='ocrx_word' id='word_1_283' title='bbox 1076 4223 1229 4300; x_wconf 84' lang='lat' dir='ltr'>occupata</span> <span class='ocrx_word' id='word_1_284' title='bbox 1256 4233 1343 4279; x_wconf 89' lang='lat' dir='ltr'>sacra</span> <span class='ocrx_word' id='word_1_285' title='bbox 1370 4221 1463 4299; x_wconf 87' lang='lat' dir='ltr'>atque</span> <span class='ocrx_word' id='word_1_286' title='bbox 1491 4208 1623 4297; x_wconf 81' lang='lat' dir='ltr'>prolana</span> 
     </span>
     <span class='ocr_line' id='line_1_29' title="bbox 253 4316 1620 4407; baseline 0.001 -24"><span class='ocrx_word' id='word_1_287' title='bbox 253 4317 340 4385; x_wconf 88' lang='lat' dir='ltr'>nullo</span> <span class='ocrx_word' id='word_1_288' title='bbox 364 4317 546 4386; x_wconf 90' lang='lat' dir='ltr'>discrimine</span> <span class='ocrx_word' id='word_1_289' title='bbox 568 4331 709 4407; x_wconf 90' lang='lat' dir='ltr'>ponunt,</span> <span class='ocrx_word' id='word_1_290' title='bbox 737 4331 769 4387; x_wconf 87' lang='lat' dir='ltr'>et</span> <span class='ocrx_word' id='word_1_291' title='bbox 790 4331 826 4387; x_wconf 89' lang='lat' dir='ltr'>ut</span> <span class='ocrx_word' id='word_1_292' title='bbox 849 4319 955 4386; x_wconf 92' lang='lat' dir='ltr'>omnis</span> <span class='ocrx_word' id='word_1_293' title='bbox 977 4318 1104 4406; x_wconf 87' lang='lat' dir='ltr'>generis</span> <span class='ocrx_word' id='word_1_294' title='bbox 1132 4316 1213 4385; x_wconf 83' lang='lat' dir='ltr'>mala</span> <span class='ocrx_word' id='word_1_295' title='bbox 1235 4317 1399 4400; x_wconf 90' lang='lat' dir='ltr'>sileamus,</span> <span class='ocrx_word' id='word_1_296' title='bbox 1429 4316 1491 4385; x_wconf 95' lang='lat' dir='ltr'>hoc</span> <span class='ocrx_word' id='word_1_297' title='bbox 1520 4340 1620 4384; x_wconf 91' lang='lat' dir='ltr'>unum</span> 
     </span>
     <span class='ocr_line' id='line_1_30' title="bbox 253 4421 1621 4513; baseline 0.001 -25"><span class='ocrx_word' id='word_1_298' title='bbox 253 4421 339 4491; x_wconf 89' lang='lat' dir='ltr'>luctu</span> <span class='ocrx_word' id='word_1_299' title='bbox 368 4443 400 4492; x_wconf 91' lang='lat' dir='ltr'>et</span> <span class='ocrx_word' id='word_1_300' title='bbox 427 4426 632 4492; x_wconf 87' lang='lat' dir='ltr'>miseratione</span> <span class='ocrx_word' id='word_1_301' title='bbox 664 4422 798 4512; x_wconf 86' lang='lat' dir='ltr'>dignum</span> <span class='ocrx_word' id='word_1_302' title='bbox 830 4436 992 4513; x_wconf 88' lang='lat' dir='ltr'>putamus,</span> <span class='ocrx_word' id='word_1_303' title='bbox 1030 4422 1117 4513; x_wconf 91' lang='lat' dir='ltr'>quod</span> <span class='ocrx_word' id='word_1_304' title='bbox 1153 4446 1272 4511; x_wconf 85' lang='lat' dir='ltr'>magno</span> <span class='ocrx_word' id='word_1_305' title='bbox 1302 4422 1357 4489; x_wconf 94' lang='lat' dir='ltr'>illo</span> <span class='ocrx_word' id='word_1_306' title='bbox 1392 4421 1557 4489; x_wconf 90' lang='lat' dir='ltr'>sacerdote</span> <span class='ocrx_word' id='word_1_307' title='bbox 1590 4441 1621 4490; x_wconf 89' lang='lat' dir='ltr'>et</span> 
     </span>
     <span class='ocr_line' id='line_1_31' title="bbox 254 4526 1621 4599; baseline -0.001 -4"><span class='ocrx_word' id='word_1_308' title='bbox 254 4552 382 4597; x_wconf 88' lang='lat' dir='ltr'>summo</span> <span class='ocrx_word' id='word_1_309' title='bbox 406 4531 438 4596; x_wconf 93' lang='lat' dir='ltr'>in</span> <span class='ocrx_word' id='word_1_310' title='bbox 462 4530 608 4598; x_wconf 87' lang='lat' dir='ltr'>humanis</span> <span class='ocrx_word' id='word_1_311' title='bbox 631 4531 769 4599; x_wconf 88' lang='lat' dir='ltr'>antistite</span> <span class='ocrx_word' id='word_1_312' title='bbox 793 4542 825 4598; x_wconf 92' lang='lat' dir='ltr'>et</span> <span class='ocrx_word' id='word_1_313' title='bbox 848 4532 936 4598; x_wconf 89' lang='lat' dir='ltr'>cuius</span> <span class='ocrx_word' id='word_1_314' title='bbox 959 4529 1056 4599; x_wconf 89' lang='lat' dir='ltr'>ductu</span> <span class='ocrx_word' id='word_1_315' title='bbox 1079 4542 1109 4598; x_wconf 90' lang='lat' dir='ltr'>et</span> <span class='ocrx_word' id='word_1_316' title='bbox 1125 4529 1280 4597; x_wconf 84' lang='lat' dir='ltr'>firmitate</span> <span class='ocrx_word' id='word_1_317' title='bbox 1304 4526 1409 4595; x_wconf 90' lang='lat' dir='ltr'>divina</span> <span class='ocrx_word' id='word_1_318' title='bbox 1431 4528 1572 4595; x_wconf 88' lang='lat' dir='ltr'>instituta</span> <span class='ocrx_word' id='word_1_319' title='bbox 1587 4529 1621 4594; x_wconf 94' lang='lat' dir='ltr'>in</span> 
     </span>
     <span class='ocr_line' id='line_1_32' title="bbox 253 4633 1620 4725; baseline 0 -24"><span class='ocrx_word' id='word_1_320' title='bbox 253 4634 422 4704; x_wconf 89' lang='lat' dir='ltr'>hominum</span> <span class='ocrx_word' id='word_1_321' title='bbox 446 4636 578 4705; x_wconf 89' lang='lat' dir='ltr'>salutem</span> <span class='ocrx_word' id='word_1_322' title='bbox 602 4635 818 4720; x_wconf 90' lang='lat' dir='ltr'>moderantur,</span> <span class='ocrx_word' id='word_1_323' title='bbox 846 4637 880 4704; x_wconf 92' lang='lat' dir='ltr'>in</span> <span class='ocrx_word' id='word_1_324' title='bbox 902 4637 1116 4725; x_wconf 87' lang='lat' dir='ltr'>turpissimam</span> <span class='ocrx_word' id='word_1_325' title='bbox 1146 4659 1231 4703; x_wconf 90' lang='lat' dir='ltr'>nunc</span> <span class='ocrx_word' id='word_1_326' title='bbox 1254 4644 1386 4702; x_wconf 88' lang='lat' dir='ltr'>attracto</span> <span class='ocrx_word' id='word_1_327' title='bbox 1410 4633 1620 4721; x_wconf 85' lang='lat' dir='ltr'>captivitatem</span> 
     </span>
     <span class='ocr_line' id='line_1_33' title="bbox 254 4737 1621 4833; baseline -0.001 -26"><span class='ocrx_word' id='word_1_328' title='bbox 254 4743 486 4832; x_wconf 89' lang='lat' dir='ltr'>omnipotentis</span> <span class='ocrx_word' id='word_1_329' title='bbox 517 4742 579 4809; x_wconf 89' lang='lat' dir='ltr'>Dei</span> <span class='ocrx_word' id='word_1_330' title='bbox 605 4763 853 4833; x_wconf 89' lang='lat' dir='ltr'>sanctorumque</span> <span class='ocrx_word' id='word_1_331' title='bbox 880 4743 1025 4832; x_wconf 88' lang='lat' dir='ltr'>reliquias</span> <span class='ocrx_word' id='word_1_332' title='bbox 1052 4741 1190 4810; x_wconf 85' lang='lat' dir='ltr'>inaudita</span> <span class='ocrx_word' id='word_1_333' title='bbox 1217 4739 1367 4808; x_wconf 84' lang='lat' dir='ltr'>foeditate</span> <span class='ocrx_word' id='word_1_334' title='bbox 1397 4737 1621 4806; x_wconf 88' lang='lat' dir='ltr'>conculcarunt</span> 
     </span>
     <span class='ocr_line' id='line_1_34' title="bbox 253 4843 1621 4939; baseline -0.002 -24"><span class='ocrx_word' id='word_1_335' title='bbox 253 4847 545 4939; x_wconf 85' lang='lat' dir='ltr'>conculcandasque</span> <span class='ocrx_word' id='word_1_336' title='bbox 567 4851 685 4939; x_wconf 87' lang='lat' dir='ltr'>passim</span> <span class='ocrx_word' id='word_1_337' title='bbox 708 4849 912 4933; x_wconf 89' lang='lat' dir='ltr'>disiecerunt,</span> <span class='ocrx_word' id='word_1_338' title='bbox 935 4851 1168 4918; x_wconf 87' lang='lat' dir='ltr'>sanctissimum</span> <span class='ocrx_word' id='word_1_339' title='bbox 1191 4844 1436 4928; x_wconf 86' lang='lat' dir='ltr'>tabernaculum,</span> <span class='ocrx_word' id='word_1_340' title='bbox 1459 4843 1546 4933; x_wconf 93' lang='lat' dir='ltr'>quod</span> <span class='ocrx_word' id='word_1_341' title='bbox 1569 4843 1621 4912; x_wconf 89' lang='lat' dir='ltr'>ad·</span> 
     </span>
    </p>
   </div>
   <div class='ocr_carea' id='block_1_6' title="bbox 254 4952 1621 5134">
    <p class='ocr_par' dir='ltr' id='par_1_6' title="bbox 254 4952 1621 5134">
     <span class='ocr_line' id='line_1_35' title="bbox 254 4952 1621 5038; baseline 0 -18"><span class='ocrx_word' id='word_1_342' title='bbox 254 4954 385 5023; x_wconf 88' lang='lat' dir='ltr'>mirabili</span> <span class='ocrx_word' id='word_1_343' title='bbox 409 4956 614 5024; x_wconf 91' lang='lat' dir='ltr'>veneratione</span> <span class='ocrx_word' id='word_1_344' title='bbox 637 4980 655 5023; x_wconf 89' lang='lat' dir='ltr'>a</span> <span class='ocrx_word' id='word_1_345' title='bbox 678 4955 932 5025; x_wconf 88' lang='lat' dir='ltr'>christifidelibus</span> <span class='ocrx_word' id='word_1_346' title='bbox 958 4955 1129 5038; x_wconf 90' lang='lat' dir='ltr'>colebatur,</span> <span class='ocrx_word' id='word_1_347' title='bbox 1153 4952 1351 5022; x_wconf 87' lang='lat' dir='ltr'>atrocissime</span> <span class='ocrx_word' id='word_1_348' title='bbox 1375 4962 1621 5020; x_wconf 88' lang='lat' dir='ltr'>concremarunt</span> 
     </span>
     <span class='ocr_line' id='line_1_36' title="bbox 360 5077 1516 5134; baseline 0.006 -12"><span class='ocrx_word' id='word_1_349' title='bbox 360 5077 465 5134; x_wconf 67' lang='lat' dir='ltr'>Rheae,</span> <span class='ocrx_word' id='word_1_350' title='bbox 479 5079 606 5124; x_wconf 74' lang='lat' dir='ltr'>Bdmteehe</span> <span class='ocrx_word' id='word_1_351' title='bbox 621 5080 779 5125; x_wconf 70' lang='lat' dir='ltr'>vehemente.</span> <span class='ocrx_word' id='word_1_352' title='bbox 1085 5082 1098 5101; x_wconf 80' lang='lat'>⁴¹</span> <span class='ocrx_word' id='word_1_353' title='bbox 1507 5081 1516 5118; x_wconf 85' lang='lat'>1</span> 
     </span>
    </p>
   </div>
   <div class='ocr_carea' id='block_1_7' title="bbox 0 0 1914 5592">
    <p class='ocr_par' dir='ltr' id='par_1_7' title="bbox 0 0 1914 5592">
     <span class='ocr_line' id='line_1_37' title="bbox 0 0 1914 5592; baseline 0 1"><span class='ocrx_word' id='word_1_354' title='bbox 0 0 1914 5592; x_wconf 95' lang='lat' dir='ltr'> </span> 
     </span>
    </p>
   </div>
  </div>
 </body>
</html>
