3842 5592
285 292 325 355 86
1506 304 1559 359 Mai
1581 321 1655 378 1529.

283 464 355 534 loro
384 477 673 555 opportunamente
703 490 721 532 1
750 477 873 555 questo,
902 466 961 536 che
989 489 1055 533 non
1084 467 1111 532 si
1138 467 1203 554 pub
1230 463 1405 553 prohibite,
1434 464 1494 532 che
1520 463 1550 532 le
1578 466 1656 553 parti

284 594 351 639 non
375 573 468 639 usino
491 572 520 640 le
536 572 607 640 loro
630 573 755 659 ragioni
778 584 810 640 et
828 574 966 640 maxime
990 574 1071 640 circa
1093 571 1115 638 il
1137 582 1324 660 protestare,
1348 582 1380 638 et
1395 570 1436 637 V.
1453 571 1484 638 S.
1509 571 1536 637 si
1558 569 1657 638 tenda

285 690 383 759 certa,
413 679 471 746 che
494 701 619 767 sempre
648 679 672 744 si
698 682 715 745 ὲ
738 678 816 746 11111
846 698 876 745 11
900 682 925 745 si
957 678 1035 760 1111,
1064 678 1134 746 data
1158 678 1342 759 occasione,
1371 678 1449 765 ogni
1472 695 1655 766 opportuno

284 782 403 867 officio,
427 785 543 872 perche
567 808 762 867 conoscan0‚
787 785 844 852 che
861 786 924 852 Sua
939 786 1059 853 Santita
1082 808 1148 851 non
1172 786 1199 851 si
1223 788 1240 850 ὲ
1264 784 1378 851 rimasa
1402 782 1434 850 di
1456 783 1520 851 fare
1535 801 1655 873 quanto

284 887 515 958 dimandavano
543 891 565 957 li
588 892 722 973 oratori,
752 914 808 980 per
836 889 956 960 deletto
985 891 1025 959 de
1053 891 1159 959 bunna
1182 890 1312 958 volunta
1340 903 1372 956 et
1400 888 1569 972 desideri0,
1598 889 1656 956 che

283 995 367 1063 lusse
390 998 422 1063 in
446 996 497 1079 lei,
521 995 552 1064 di
567 995 722 1085 gratificat
745 1010 888 1087 aquesta
903 999 1035 1081 Maesta,
1059 997 1116 1065 alla
1131 996 1221 1087 quale
1242 1019 1380 1063 nessuna
1403 998 1535 1084 ragione
1551 994 1656 1077 vuole,

284 1103 342 1170 che
366 1103 428 1170 Sua
451 1102 647 1172 Beatitudine
674 1103 759 1171 fusse
781 1106 903 1192 ingrata
930 1128 986 1194 per
1008 1103 1191 1193 gratificarsi
1219 1126 1281 1171 con
1305 1103 1388 1186 altri,
1417 1100 1564 1171 havendo
1589 1125 1657 1170 essa

284 1210 405 1277 Maesta
430 1232 492 1276 con
508 1210 548 1277 lei
571 1208 686 1278 infiniti
709 1212 824 1293 meriti,
849 1230 879 1278 et
902 1210 1003 1279 l’altro
1023 1212 1077 1300 piu
1092 1223 1180 1279 tosto
1204 1208 1327 1277 diversa
1348 1210 1498 1297 ragione3
1530 1232 1582 1275 ma
1598 1208 1656 1276 che

285 1318 352 1382 cosl
375 1314 468 1383 volea
489 1317 518 1382 11
541 1317 665 1384 iustitia.

389 1420 414 1488 Il
437 1422 504 1488 mio
527 1423 696 1504 secretario
719 1424 763 1489 mi
787 1422 872 1504 dice,
901 1423 960 1490 che
983 1421 1133 1511 parlando
1158 1420 1210 1489 col
1232 1445 1266 1489 re
1296 1423 1327 1488 in
1351 1433 1465 1511 questo
1489 1423 1656 1510 proposito

284 1527 315 1594 S.
332 1527 377 1594 M.
401 1526 444 1614 gli
468 1527 602 1615 replico:
626 1527 712 1597 Istud
735 1528 865 1619 quidem
888 1527 1095 1612 admittimus,
1118 1551 1230 1596 verum
1254 1546 1358 1596 metus
1377 1527 1569 1617 quandoque
1593 1528 1657 1615 agit

284 1633 433 1701 homines
455 1632 557 1717 adea,
581 1657 661 1723 quae
676 1636 735 1723 ipsi
758 1637 890 1703 minime
906 1634 1033 1704 vellent.
1072 1635 1177 1704 Ache
1199 1634 1242 1702 lui
1258 1633 1388 1723 replicb,
1412 1633 1471 1701 che
1494 1635 1527 1700 in
1543 1645 1657 1724 questo

285 1752 380 1828 potea
410 1739 581 1808 certificare
609 1741 640 1808 S.
671 1742 728 1824 M,
757 1730 816 1809 che
844 1743 960 1810 iustitia
988 1741 1055 1809 sola
1082 1754 1114 1810 et
1143 1743 1188 1809 rei
1219 1739 1454 1830 impossibilitas
1482 1739 1657 1808 obstabant.

284 1846 328 1913 La
350 1846 471 1914 Maesta
494 1870 549 1913 sua
572 1846 659 1935 dipoi
683 1846 765 1914 disse
792 1846 831 1915 ad
855 1872 927 1916 esso
951 1850 1018 1915 mio
1041 1849 1222 1930 secretari0,
1252 1847 1311 1915 che
1335 1848 1452 1915 Cesare
1476 1847 1508 1913 in
1533 1846 1658 1934 Spagna

285 1950 337 2019 nel
365 1974 424 2019 suo
453 1941 609 2041 consiglio
640 1952 681 2020 ha
703 1965 830 2022 trattato
859 1954 890 2022 di
913 1966 1023 2044 questa
1051 1957 1181 2023 materia
1209 1952 1460 2036 matrimoniale,
1488 1964 1521 2020 et
1549 1952 1657 2020 hanno

285 2058 448 2141 conclus0,
472 2082 506 2126 se
521 2060 563 2127 N.
581 2059 716 2148 Signore
740 2063 941 2148 permetterl,
965 2060 1024 2129 che
1041 2060 1070 2128 la
1086 2084 1178 2129 causa
1201 2063 1227 2128 si
1242 2058 1384 2149 giudichi
1406 2061 1460 2150 qui
1483 2060 1514 2126 in
1533 2057 1657 2147 Anglia,

285 2163 316 2232 di
339 2163 494 2253 appellare
517 2164 556 2233 ad
579 2163 719 2234 futurum
743 2167 925 2235 concilium.

390 2271 440 2340 De
463 2270 599 2340 l'andata
621 2270 672 2340 del
695 2272 884 2342 Reverendo
909 2285 1028 2342 mastro
1052 2272 1084 2340 di
1106 2296 1177 2341 casa
1203 2274 1235 2340 in
1259 2273 1384 2361 Spagna
1407 2294 1480 2360 pare
1490 2274 1511 2353 ¹,
1539 2293 1607 2338 non
1631 2271 1658 2337 si

286 2379 474 2445 contentino
498 2377 611 2461 molto,
635 2379 751 2467 perche
775 2383 793 2447 ὲ
815 2391 898 2447 stato
921 2379 992 2447 loro
1014 2378 1136 2468 dipinto
1159 2403 1216 2468 per
1239 2378 1409 2468 imperiale.
1455 2379 1491 2444 Io
1515 2375 1555 2444 ad
1577 2376 1657 2444 altro

284 2486 451 2572 proposito
475 2486 590 2573 prima,
614 2497 646 2553 et
669 2485 748 2553 hora
769 2485 791 2553 il
814 2487 881 2553 mio
904 2487 1073 2554 secretario
1099 2484 1265 2553 habbiamo
1289 2484 1368 2553 fatto
1393 2483 1558 2551 intendere
1573 2483 1657 2564 loru,

286 2589 400 2678 ch'egli
424 2594 594 2678 epersona
610 2589 713 2680 degna
736 2604 768 2660 et
790 2590 829 2659 da
845 2591 938 2674 bene,
962 2591 1048 2659 buon
1068 2593 1222 2659 servitore
1246 2590 1277 2658 di
1292 2591 1334 2659 N.
1352 2591 1488 2680 Signore
1512 2601 1543 2657 et
1566 2612 1660 2657 senza

286 2695 362 2764 altra
390 2697 537 2785 passione
561 2721 581 2764 ο
606 2721 694 2781 cura,
725 2698 784 2766 che
808 2697 839 2765 di
862 2700 978 2767 servire
1001 2722 1019 2766 a
1042 2699 1105 2766 Sua
1127 2698 1247 2766 Santitb
1270 2716 1302 2765 et
1324 2695 1427 2787 quella
1454 2708 1543 2763 santa
1565 2694 1658 2762 Sede.

287 2801 325 2869 Et
348 2804 430 2869 circa
452 2801 480 2870 le
505 2803 630 2871 inducie
653 2827 721 2871 non
745 2806 773 2872 ci
796 2804 903 2872 hanno
927 2805 1065 2893 risposto
1088 2803 1177 2871 altro

393 2907 433 2975 Α1
455 2911 609 2997 giungere
636 2912 690 2999 qui
713 2909 744 2978 di
767 2911 886 2978 Baiona
907 2909 1012 2978 subito
1036 2912 1062 2977 si
1084 2910 1157 2978 levb
1180 2911 1234 3000 qui
1257 2909 1354 2991 fama,
1383 2908 1488 2976 ch'era
1511 2906 1660 2975 conclusa

288 3013 316 3080 la
339 3033 449 3101 tregua
477 3032 523 3082 tra
547 3016 664 3083 Cesare
693 3028 725 3084 ct
751 3016 773 3083 11
795 3017 1044 3084 Cristianissimo
1075 3039 1130 3105 per
1158 3015 1267 3083 XVIII
1296 3016 1391 3097 mesi,
1420 3026 1452 3082 et
1475 3015 1572 3093 eraci,
1600 3012 1659 3080 che

289 3117 449 3187 affirmava
471 3119 594 3188 haverla
619 3121 704 3189 udita
727 3121 882 3210 publicare
906 3123 938 3189 in
962 3122 1091 3189 Francia
1113 3123 1147 3188 in
1170 3120 1285 3189 diversi
1308 3120 1428 3209 luoghi,
1456 3119 1477 3187 il
1500 3119 1559 3188 che
1582 3121 1660 3208 pero

290 3229 307 3293 1
330 3237 408 3293 stara
431 3225 534 3314 bugia.
580 3227 635 3294 Ma
656 3227 684 3295 11
708 3251 799 3295 causa
823 3227 902 3295 della
925 3240 1040 3296 venuta
1067 3252 1124 3295 sua
1147 3231 1164 3295 1
1187 3239 1266 3296 stata
1289 3250 1345 3316 per
1368 3227 1432 3293 fare
1455 3224 1620 3294 intendere
1643 3248 1661 3291 a

289 3346 399 3421 questa
420 3332 558 3417 Maesta,
588 3334 646 3401 che
676 3334 697 3401 11
721 3334 970 3402 Cristianissimo
999 3335 1039 3402 111
1061 3335 1177 3423 pratica
1201 3333 1233 3401 di
1255 3355 1331 3421 pace
1360 3356 1424 3400 con
1448 3333 1581 3414 Cesare‚
1608 3353 1662 3398 ma

290 3438 348 3506 che
365 3463 432 3507 non
448 3440 523 3507 vuol
547 3439 610 3508 fare
627 3463 702 3508 cosa
717 3440 828 3508 alcuna
844 3464 936 3508 senza
952 3452 1059 3529 saputa
1076 3452 1107 3509 et
1123 3463 1283 3508 consenso
1300 3438 1379 3507 della
1395 3437 1513 3527 prefata
1529 3439 1661 3519 Maesta,

289 3544 318 3611 la
340 3546 431 3635 quale
458 3569 514 3635 per
537 3558 656 3635 quanto
685 3546 725 3614 ha
748 3546 836 3615 detto
865 3546 893 3613 al
916 3546 1036 3635 prelato
1065 3547 1133 3614 mio
1157 3547 1326 3614 secretario
1355 3557 1387 3613 et
1410 3542 1571 3612 concorda
1599 3563 1660 3610 con

290 3651 406 3739 quell0,
429 3675 470 3719 ne
494 3651 536 3719 ho
559 3654 611 3741 git
633 3654 762 3741 scripto,
786 3654 890 3737 crede,
914 3654 973 3721 che
997 3653 1114 3720 Cesare
1137 3654 1169 3720 in
1193 3665 1303 3742 queste
1326 3651 1465 3741 pratiche
1493 3673 1560 3717 non
1584 3647 1661 3717 vada

291 3754 503 3838 drittamente,
526 3759 642 3847 perche
665 3760 795 3827 tuttavia
818 3759 858 3827 ha
881 3760 997 3848 pratica
1020 3781 1137 3826 ancora
1159 3781 1222 3826 con
1245 3759 1277 3825 S.
1295 3759 1339 3825 M.
1364 3780 1420 3845 per
1442 3755 1559 3825 levarlo
1584 3754 1662 3823 dalla

292 3863 519 3929 coniunctione
543 3861 593 3930 del
618 3865 877 3947 Cristianissimo,
902 3877 934 3933 et
955 3864 985 3932 fa
1009 3866 1102 3932 etiam
1126 3863 1148 3931 il
1170 3862 1349 3931 medesimo
1374 3886 1434 3930 con
1459 3861 1527 3929 11111
1549 3872 1662 3949 poten-

290 3968 347 4035 tati
371 3979 402 4035 et
430 3968 551 4055 signori
575 3968 655 4036 della
678 3969 758 4058 lega,
781 3969 1029 4059 soggiungendo
1053 3971 1111 4037 che
1136 3968 1241 4037 dubita
1264 3969 1378 4051 molto,
1402 3968 1460 4036 che
1477 3968 1594 4036 Cesare
1617 3968 1662 4033 sia

292 4074 345 4162 pin
361 4096 416 4162 per
432 4095 550 4141 nocere
573 4076 676 4142 amico
694 4075 752 4142 che
776 4077 907 4159 nimico,
931 4077 1048 4165 perche
1071 4099 1172 4164 spera,
1194 4098 1250 4164 per
1267 4072 1440 4143 concordia
1463 4073 1577 4143 havere
1601 4072 1661 4140 due

293 4303 339 4356 des
358 4303 469 4374 Papstes
488 4321 522 4356 an
540 4302 592 4357 den
610 4303 712 4370 Kaiser,
737 4304 782 4357 das
806 4322 867 4358 man
892 4304 1107 4377 englischerseits
1127 4304 1278 4376 verlangte,
1302 4305 1345 4358 die
1363 4303 1663 4427 Erqanzungsdispense

293 4374 384 4496 {plius
403 4373 436 4428 11,
455 4373 615 4442 betreffend,
639 4391 660 4427 s.
680 4373 726 4427 das
746 4385 929 4447 vorgenannte
948 4376 1093 4431 Schreiben
1112 4375 1232 4430 Salviatis
1251 4392 1315 4429 vom
1335 4389 1377 4430 21.
1421 4374 1471 4446 pril
1496 4374 1549 4428 und
1567 4389 1662 4427 unsere

316 4444 497 4527 emerkungen
516 4445 587 4499 oben
605 4462 636 4498 zu
655 4444 702 4499 Nr.
724 4459 763 4515 34.

401 4524 410 4553 ¹
427 4515 541 4569 Bisthof
556 4516 655 4569 Hieron
677 4532 735 4569 mus
748 4515 828 4570 Schio
847 4514 913 4570 oder
930 4515 1040 4571 Scledus
1059 4534 1113 4571 von
1125 4517 1227 4571 Vaison
1239 4516 1403 4587 (Avignon),
1422 4524 1541 4569 maestro
1559 4515 1585 4569 di
1603 4531 1663 4569 casa

294 4586 341 4641 des
359 4587 479 4658 Papstes,
503 4596 553 4640 trat
576 4588 613 4640 im
661 4586 753 4654 ai152
795 4586 834 4640 als
859 4586 973 4658 apostol.
992 4587 1107 4641 Nuntius
1131 4588 1158 4641 in
1176 4587 1292 4659 Spanien
1315 4604 1349 4640 an
1368 4585 1449 4640 Stelle
1474 4586 1520 4640 des
1544 4586 1603 4640 dort
1626 4587 1664 4638 im

293 4657 408 4712 Februar
428 4658 618 4712 verstorbenen
631 4655 731 4710 Grafen
749 4603 904 4711 llaldassare
919 4657 1093 4742 CastIglione.
1130 4658 1165 4712 Er
1177 4657 1270 4712 wurde
1289 4656 1411 4729 zugleich
1429 4656 1478 4711 mit
1497 4656 1544 4711 der
1556 4655 1663 4711 Gewalt

295 4732 368 4783 eines
386 4729 503 4800 Legatos
522 4729 555 4781 de
573 4727 655 4781 latere
674 4727 777 4781 betraut
795 4727 849 4780 und
865 4746 897 4781 zu
917 4728 968 4782 den
987 4728 1333 4799 Iriedensverhandlungen
1356 4728 1405 4780 mit
1423 4726 1485 4780 dem
1504 4727 1598 4781 Kaiser
1616 4727 1663 4780 be·

294 4798 494 4870 vollmachtIgt,
518 4798 560 4852 die
578 4798 647 4852 dann
666 4815 698 4851 zu
717 4798 779 4851 dem
798 4797 908 4851 Frieden
927 4816 981 4853 von
999 4799 1146 4853 Barcelona
1170 4817 1214 4853 am
1234 4799 1355 4923 apium
1377 4812 1443 4870 1529
1462 4797 1576 4853 1111111111.
1613 4797 1663 4850 Die

295 4869 476 4924 betreffenden
500 4869 670 4922 Dokumente
693 4885 756 4921 vom
779 4867 819 4923 16.
842 4868 917 4940 April
941 4870 1021 4925 Arch.
1036 4870 1121 4924 Vatic.
1144 4870 1212 4941 Reg.
1235 4884 1282 4940 143
1325 4869 1413 4938 (201),
1432 4867 1592 4923 Geleitbriel
1611 4867 1665 4922 und

295 4940 416 4994 Kredenz
436 4958 470 4994 an
487 4939 549 4992 Karl
569 4939 601 4994 V.
620 4940 696 4993 Brev.
715 4939 779 4993 min.
799 4938 851 4993 vol.
871 4955 905 5011 29
923 4959 948 4999 n¹
970 4954 1020 5011 154
1038 4958 1063 4996 u.
1085 4939 1143 5008 160,
1162 4940 1204 4994 die
1223 4941 1351 4994 letzteren
1369 4956 1432 4993 vom
1455 4955 1477 5008 5.
1497 4939 1557 4994 Mai.
