3802 5606
297 342 362 403 240
921 357 991 411 Felix
1012 376 1064 411 von
1084 358 1163 411 Prato
1183 356 1247 410 tiber
1266 358 1308 411 die
1328 359 1422 429 papstl.
1442 359 1668 430 Dispensgewalt.

296 528 475 602 susceptam
507 514 652 582 sobolem
683 515 809 583 alterius
838 515 969 605 copulae
1002 516 1227 606 propinquitati
1257 517 1370 604 prioris
1399 516 1498 585 credit
1525 516 1668 606 legitime

296 621 420 703 sociari,
450 621 500 689 hic
524 641 619 710 negat
642 622 704 689 Dei
726 621 859 690 verbum
882 621 1020 689 validum
1045 646 1144 705 essu«
1175 622 1262 711 quod
1290 621 1381 690 dixit:
1425 623 1524 690 Erunt
1547 623 1611 692 duo
1636 626 1667 693 in

297 750 389 794 came
414 733 505 795 una.¹
531 768 570 775 —-
595 727 778 817 Siquando
801 752 880 795 vero
904 751 1094 796 concessum
1119 728 1310 816 perhibetur,
1335 748 1368 796 ut
1384 731 1515 797 Deuter.
1535 750 1572 816 25
1593 731 1666 821 (5):

297 832 438 915 Quando
462 834 669 902 habitaverint
692 832 801 902 fratres
825 835 929 916 simul,
963 854 994 902 et
1018 859 1100 901 unus
1124 859 1162 901 ex
1186 837 1231 902 eis
1254 834 1370 924 absque
1395 835 1498 903 liberis
1522 850 1668 905 mortuus

296 939 398 1022 fuerit,
422 964 502 1008 uxor
525 938 665 1008 defuncti
690 963 757 1007 non
782 939 879 1008 nubet
902 940 1001 1023 alteri,
1024 939 1080 1009 sed
1105 942 1235 1029 accipiet
1259 964 1328 1008 eam
1357 941 1451 1010 frater
1481 944 1582 1027 eius²3
1617 943 1668 1011 vel

297 1048 380 1114 iuxta
403 1046 593 1114 Hebraicum
618 1069 820 1114 sermonem:
855 1071 923 1114 non
951 1049 1009 1114 erit
1040 1070 1120 1115 uxor
1148 1045 1287 1115 defuncti
1315 1048 1405 1115 alicui
1436 1061 1586 1117 extraneo
1616 1073 1668 1117 ex-

295 1153 461 1235 trinsecus,
485 1153 561 1220 levir
585 1154 681 1242 ipsius
704 1154 770 1220 sive
794 1166 965 1240 cognatus,
996 1154 1059 1221 hoc
1083 1166 1130 1221 est
1152 1152 1245 1221 frater
1268 1155 1325 1220 viri
1349 1157 1412 1235 sui,
1440 1156 1547 1222 veniet
1575 1179 1668 1244 super

297 1282 366 1325 earn
392 1272 423 1327 et
446 1260 577 1348 accipiet
601 1283 670 1327 earn
695 1261 727 1326 in
750 1282 895 1341 uxorem,
920 1258 958 1327 ad
983 1259 1123 1328 eiusdem
1148 1259 1249 1327 fratris
1266 1259 1491 1343 suscitandum,
1516 1274 1550 1329 ut
1566 1262 1667 1352 inquit

296 1367 363 1433 Pet.
388 1365 427 1432 de
450 1365 514 1434 Pal.
538 1389 664 1433 senten:
698 1364 908 1454 dispensative
932 1366 1047 1434 factum
1073 1367 1259 1434 arbitrantur
1284 1390 1382 1456 eaque
1406 1366 1446 1434 de
1469 1391 1560 1435 causa
1589 1368 1666 1434 olim

296 1471 435 1553 licuisse,
464 1472 512 1539 vel
545 1485 580 1540 ut
602 1471 714 1554 cultus,
746 1486 779 1541 ut
803 1474 903 1563 inquit
927 1473 958 1539 S.
982 1473 1069 1540 Tho.
1099 1486 1266 1560 augeretur
1294 1474 1434 1557 divinus,
1465 1473 1515 1541 vel
1539 1486 1572 1542 ut
1596 1498 1665 1562 per-

296 1577 411 1645 fectam
447 1576 567 1646 eisdem
605 1580 795 1667 promissam
832 1578 983 1646 Hebraeis
1016 1578 1290 1661 benedictionem,
1329 1591 1364 1646 ut
1404 1581 1447 1647 ait
1480 1580 1511 1647 S.
1547 1581 1666 1648 Bonav.

297 1698 567 1775 consequerentur
589 1686 620 1752 in
641 1687 773 1767 semine,
798 1709 878 1775 quae
895 1698 1002 1753 tamen
1026 1685 1220 1773 dispensatio
1244 1687 1312 1752 iure
1334 1684 1524 1774 procedebat
1548 1684 1667 1768 divino,

297 1815 362 1859 non
399 1792 550 1859 humano.
597 1793 655 1859 His
687 1804 791 1859 autem
826 1791 1023 1880 temporibus
1052 1816 1249 1883 nequaquam
1282 1792 1462 1880 expediunt.
1513 1793 1551 1860 Et
1578 1793 1604 1860 si
1632 1816 1668 1861 ea

296 1920 371 1964 sane
400 1900 523 1966 ratione
552 1899 628 1965 olim
658 1900 849 1985 permissum
880 1900 1073 1980 intueamur,
1102 1900 1168 1966 iure
1192 1922 1277 1966 nunc
1300 1897 1420 1980 divino,
1445 1918 1477 1965 ut
1500 1899 1603 1981 aiunt,
1630 1897 1667 1966 ab

297 2027 397 2071 uxore
420 2003 521 2072 fratris
545 2006 589 2072 uti
612 2027 758 2072 asorore
781 2003 999 2073 abhorremus.
1047 2005 1269 2087 Quamobrem
1289 2005 1460 2072 Summum
1475 2003 1665 2073 Pontificem

297 2111 363 2176 eius
387 2108 630 2198 dispensationis
653 2133 771 2197 genere
794 2112 950 2200 privatum
975 2109 1123 2193 iudicant,
1146 2111 1243 2179 veluti
1266 2113 1372 2199 impos
1396 2129 1444 2177 est
1466 2108 1667 2199 dispensandi

296 2215 401 2304 plures
425 2238 550 2298 uxores,
582 2215 670 2306 quod
698 2216 775 2285 olim
805 2217 1016 2306 dispensative
1044 2216 1168 2285 licuisse
1198 2217 1464 2305 contemplantur.
1510 2216 1565 2283 Isti
1595 2236 1668 2284 sunt

297 2323 363 2390 eius
387 2321 549 2391 doctrinae
575 2324 674 2391 nervi.

804 2482 867 2549 Pro
890 2495 978 2571 parte
1002 2484 1159 2571 opposita.

403 2607 475 2673 Nos
498 2619 602 2674 autem
628 2607 722 2695 (pace
745 2630 780 2673 ac
805 2608 980 2674 reverentia
1001 2620 1164 2674 tantorum
1188 2608 1358 2693 insignium
1376 2604 1564 2694 doctorum)
1589 2607 1668 2673 elus-

299 2711 386 2780 modi
410 2713 604 2780 matrimonii
635 2712 905 2802 dispensationem
934 2737 951 2780 a
974 2715 1110 2780 Summo
1138 2712 1324 2800 abnegatam
1350 2710 1504 2779 Pontifice
1534 2713 1668 2779 minime

298 2841 475 2887 censemus.
522 2820 621 2888 Cuius
644 2819 800 2910 siquidem
825 2821 870 2886 rei
893 2821 1007 2888 veritas
1030 2819 1099 2887 luce
1128 2819 1239 2887 clarius
1259 2817 1445 2909 quibusdam
1469 2819 1668 2906 praescriptis

297 2924 457 3013 apparebit
484 2923 707 2993 fundamentis.
754 2926 905 3006 Quorum
934 2927 1072 3013 primunr
1102 2944 1168 3007 est,
1199 2924 1412 3013 legislatorem
1445 2947 1667 3012 quemcunque

298 3030 440 3099 divinum
465 3051 497 3099 et
521 3032 696 3099 humanum
720 3033 832 3122 cuique
856 3033 913 3099 iuri
936 3044 990 3099 aut
1013 3030 1251 3112 consuetudini,
1282 3030 1344 3119 legi
1375 3031 1557 3118 praesertim
1588 3029 1666 3097 latae

298 3136 421 3204 divinae
444 3136 495 3204 vel
518 3150 647 3205 naturae
663 3161 861 3227 nequaquam
881 3139 1032 3220 obvianti,
1056 3161 1111 3225 per
1128 3137 1233 3225 legem
1249 3135 1423 3217 ferendam,
1447 3135 1552 3224 aliquo
1571 3138 1665 3203 etiam

299 3243 399 3312 modo
423 3245 604 3332 oppositam
629 3243 744 3325 eidem,
768 3243 885 3334 absque
917 3246 984 3312 eius
1007 3245 1081 3311 iuris
1110 3268 1166 3312 seu
1195 3241 1433 3311 consuetudinis
1457 3240 1594 3310 evidenti
1617 3242 1668 3308 ab·

298 3351 466 3437 rogatione
490 3349 644 3438 derogare
668 3350 764 3433 nolle,
789 3370 820 3418 et
842 3351 1021 3439 praecipue,
1045 3352 1070 3417 si
1094 3362 1167 3439 post
1190 3350 1284 3417 latam
1308 3348 1430 3437 legem,
1455 3350 1522 3415 eius
1543 3369 1669 3434 praece-

298 3455 400 3523 dentis
416 3456 490 3523 iuris
510 3455 790 3524 consuetudinisve
806 3480 862 3545 per
879 3480 953 3524 euin
970 3469 1056 3524 extet
1072 3455 1285 3523 confirmatio.
1323 3453 1536 3522 Praecedente
1552 3455 1667 3543 quippe

297 3561 528 3630 consuetudine
552 3565 681 3653 iureque
704 3565 823 3632 intacto
852 3582 1002 3630 manente
1026 3587 1095 3629 earn
1125 3562 1230 3651 legem
1254 3573 1441 3651 sequentem
1468 3558 1563 3628 latam
1590 3560 1669 3627 arbi·

297 3680 426 3736 tramur.
472 3668 557 3736 Alias
580 3670 708 3760 quidem
733 3671 940 3757 repugnantia
963 3670 1118 3750 iussisset,
1152 3667 1238 3758 quod
1261 3667 1330 3736 fieri
1354 3690 1371 3734 a
1394 3667 1522 3734 nemine
1552 3668 1667 3734 iustum

297 3775 492 3857 arbitramur,
515 3799 619 3865 neque
643 3775 684 3842 illi
707 3778 776 3866 quis
800 3776 961 3866 (quamvis
983 3777 1037 3842 uni
1061 3774 1225 3865 Domino)
1248 3786 1372 3862 posset,
1402 3792 1435 3840 ut
1458 3775 1591 3859 August.
1616 3772 1668 3854 ait,

297 3894 454 3967 praestare
482 3881 680 3970 obsequium.
727 3881 828 3965 Quod
856 3883 950 3950 etiam
979 3880 1203 3970 postmodum,
1233 3880 1461 3969 praetermissis
1490 3879 1667 3946 iuristarum

297 3985 481 4068 rationibus,
505 4009 561 4073 per
585 3986 719 4055 eandem
743 4010 863 4055 sacram
888 3987 1095 4055 ostendemus
1118 3987 1276 4075 paginam.

403 4090 584 4159 Secundum
609 4116 686 4160 vero
711 4106 767 4178 est,
798 4092 919 4161 nullum
943 4093 1077 4181 gradum
1105 4092 1387 4180 consanguinitatis
1415 4091 1481 4156 sive
1509 4087 1667 4156 affinitatis

297 4210 370 4264 ante
393 4196 497 4285 legem
520 4196 613 4265 latam
638 4200 669 4265 in
694 4220 806 4268 monte
830 4201 915 4267 Sinai
938 4202 1005 4267 iure
1029 4198 1123 4266 fuisse
1148 4197 1351 4287 reprobatum
1375 4194 1502 4278 divin0,
1534 4218 1575 4262 ne
1599 4196 1668 4283 quis

298 4323 407 4392 posset
430 4328 470 4371 eo
494 4305 696 4387 contrahere,
727 4330 838 4373 verum
869 4305 952 4374 forte
976 4307 1041 4373 iure
1074 4304 1203 4373 naturali
1234 4303 1284 4372 vel
1316 4303 1451 4371 cuiusvis
1479 4303 1583 4389 gentis
1612 4324 1668 4368 seu

298 4409 406 4498 populi
422 4409 663 4478 consuetudine.
699 4412 799 4493 Quod
817 4414 911 4480 etiam
928 4435 984 4501 per
1003 4430 1106 4480 totum
1124 4410 1220 4502 liquet
1244 4411 1362 4478 Genes.
1380 4407 1493 4475 librum
1510 4420 1541 4475 et
1557 4405 1667 4474 Exodi.

297 4514 433 4582 Abraam
457 4538 575 4603 nempe
597 4539 743 4584 sororem
768 4541 869 4599 suam,
891 4516 988 4584 filiam
1012 4519 1106 4605 patris
1130 4519 1193 4598 sui,
1224 4540 1291 4584 non
1315 4526 1421 4582 autem
1447 4515 1554 4581 matris
1582 4536 1667 4594 suae,

325 4644 448 4651 --.-—-.
479 4644 508 4650 --

405 4717 413 4746 ¹
432 4709 539 4780 Gregor
557 4710 576 4764 l.
595 4728 628 4764 an
647 4711 697 4765 den
717 4710 830 4765 Bischof
844 4728 898 4765 von
917 4710 1041 4782 Cagliari,
1060 4711 1139 4765 Dect.
1153 4711 1226 4766 Grat.
1247 4728 1285 4765 ca.
1302 4725 1342 4780 35,
1362 4725 1460 4782 qu.1o,
1479 4726 1536 4779 cap.
1554 4723 1574 4761 1.
1603 4707 1668 4760 Was

298 4781 324 4833 in
344 4779 558 4834 Gansefusschen
579 4782 657 4849 steht,
677 4783 709 4836 ist
730 4782 853 4837 wortlich
872 4782 964 4836 citiett.

404 4851 512 4906 *Deut
532 4866 573 4919 25,
596 4868 617 4920 5.
655 4853 772 4915 Quando
792 4853 965 4907 habitaverint
990 4851 1082 4906 fratres
1101 4852 1191 4919 simul,
1216 4862 1242 4906 et
1262 4871 1328 4907 unus
1348 4869 1380 4906 ex
1400 4853 1438 4905 eis
1463 4851 1562 4920 absque
1581 4847 1669 4901 liberis

298 4930 424 5045 mortuuss
437 4920 522 4989 suerit,
542 4939 608 4976 uxor
626 4923 743 4978 defuncti
761 4941 816 4978 non
835 4924 916 4977 nubet
935 4921 1018 4990 alteri,
1038 4922 1085 4977 sed
1103 4924 1215 4996 accipiet
1234 4941 1294 4978 eam
1309 4923 1389 4978 frater
1408 4923 1472 4987 elus,
1492 4929 1518 4973 et
1533 4918 1669 4973 suscitabit

298 5007 392 5047 semen
422 4993 496 5047 ratris
516 4993 563 5047 sui.
