3842 5580
285 370 347 433 184
1437 383 1558 438 Olrtober
1578 400 1653 453 ¹531·

284 541 341 611 illis
363 541 582 632 praeficiendis
605 541 863 630 gratificaremur.
910 543 979 610 Nec
1003 543 1146 611 contenti
1163 542 1377 631 praefectione
1394 544 1489 611 etiam
1513 567 1549 611 ea
1566 567 1653 612 com-

285 648 439 718 moditate
468 673 504 718 ac
532 650 727 739 benignitate
750 649 900 717 homines
932 648 986 717 tibi
1018 662 1050 718 et
1080 648 1172 716 nobis
1204 651 1320 717 merito
1351 673 1441 718 caros
1469 651 1653 738 prosequuti

284 779 403 838 sumus,
427 779 523 846 quam
546 779 564 823 a
586 756 657 824 Tua
680 756 856 824 Serenitate
880 756 980 845 optari
1005 754 1203 839 videbamus,
1234 768 1268 824 ut
1297 757 1387 823 omni
1417 780 1454 823 ex
1483 768 1570 845 parte
1597 754 1654 823 tibi

285 874 444 931 constaret
468 885 569 951 prona
592 885 628 929 ac
651 885 809 951 propensa
833 861 978 930 voluntas
1008 885 1083 948 erga
1110 881 1142 929 te
1166 874 1283 930 nostra.
1331 861 1406 944 Qua
1434 863 1465 929 in
1494 885 1528 928 re
1559 862 1652 929 etiam

285 968 387 1035 laetati
410 992 530 1051 sumus,
554 967 747 1036 venerabiles
770 968 880 1036 fratres
904 980 1043 1049 nostros,
1067 969 1098 1036 S.
1123 969 1160 1037 R.
1177 969 1211 1035 Ε.
1236 967 1408 1037 cardinales
1430 966 1538 1035 libenti
1559 980 1652 1058 atque

285 1075 428 1142 unamini
449 1086 527 1142 voto
544 1073 636 1141 nobis
658 1098 805 1142 assensos
829 1098 909 1157 esse,
934 1086 968 1142 ut
986 1072 1098 1164 quibus
1122 1076 1229 1141 omnis
1251 1085 1303 1141 tua
1319 1073 1465 1143 voluntas
1480 1076 1512 1140 in
1529 1074 1654 1143 honore

285 1193 377 1271 atque
401 1204 511 1248 amore
535 1182 704 1269 praecipuo
728 1192 785 1264 est,
809 1200 843 1248 ut
867 1179 970 1249 debet.
1015 1181 1099 1248 Nam
1124 1194 1159 1248 ut
1181 1180 1223 1248 illi
1247 1180 1286 1249 de
1309 1181 1371 1249 tuis
1394 1180 1434 1249 ad
1462 1205 1522 1249 nos
1545 1179 1655 1249 litteris

285 1311 321 1355 ac
355 1288 496 1376 ipsorum
530 1286 826 1375 promovendorum
863 1288 984 1355 meritis
1016 1286 1180 1370 audierint,
1214 1287 1272 1355 etsi
1306 1288 1427 1355 inerant
1458 1285 1655 1355 difficultates

286 1392 458 1461 nonnullae
480 1417 549 1460 non
573 1395 673 1481 magis
697 1392 739 1460 ob
762 1416 846 1475 rem,
870 1417 964 1483 quarn
989 1392 1188 1482 exemplum,
1216 1406 1323 1461 tamen
1355 1393 1403 1460 his
1430 1394 1580 1462 omnibus
1603 1418 1655 1461 au-

285 1501 435 1568 thoritate
458 1511 489 1567 et
512 1501 638 1568 caritate
662 1501 802 1567 nominis
825 1501 871 1568 tui
895 1501 1047 1589 superatis
1071 1523 1186 1567 omnes
1216 1523 1321 1589 prono
1349 1523 1478 1568 assensu
1507 1500 1599 1569 nobis
1622 1524 1656 1568 se

287 1604 528 1674 conformarunt
552 1626 582 1674 et
605 1606 696 1673 Tuae
712 1606 879 1674 Serenitati
902 1605 1069 1674 nobiscum
1095 1618 1168 1674 sunt
1183 1604 1359 1695 gratificati.
1399 1605 1492 1688 Quae
1509 1630 1569 1674 nos
1589 1631 1656 1675 non

287 1712 360 1780 ideo
380 1735 684 1795 commemoramus,
708 1714 784 1801 quin
808 1737 844 1780 ea
867 1736 940 1801 prae
964 1713 1025 1780 tuis
1049 1736 1123 1801 erga
1144 1736 1204 1780 nos
1227 1732 1267 1799 et,
1282 1714 1362 1780 hanc
1378 1724 1519 1781 sanctam
1539 1713 1655 1781 Sedem

287 1820 407 1887 meritis
431 1842 539 1907 parva,
559 1831 591 1886 ut
616 1832 700 1901 sunt,
724 1821 953 1901 existimemus,
976 1818 1033 1887 sed
1056 1818 1143 1909 quod
1166 1838 1325 1907 optamus,
1349 1831 1383 1887 ut
1407 1819 1479 1886 Tua
1498 1819 1656 1887 Serenitas

288 1950 325 1994 ex
349 1925 397 1993 his
420 1925 522 2014 parvis
545 1923 696 1993 iudicium
719 1924 824 2009 faciat,
857 1925 949 1993 nobis
977 1927 1002 1993 si
1031 1924 1160 2015 quando
1189 1924 1221 1991 id
1248 1924 1303 1993 tibi
1333 1948 1399 1993 non
1429 1926 1656 2007 concessimus,

287 2031 375 2121 quod
397 2031 562 2114 voluisses,
586 2033 692 2120 potius
715 2034 747 2099 in
771 2055 812 2099 eo
836 2031 973 2100 defirisse
996 2031 1175 2100 facultatem
1199 2055 1295 2120 quam
1317 2031 1524 2099 voluntatem.
1571 2031 1655 2098 Cum

287 2140 320 2205 in
344 2138 402 2220 his,
426 2160 506 2228 quae
529 2138 646 2226 gratiae
671 2150 702 2205 et
725 2139 865 2206 muneris
889 2139 990 2206 nostri
1014 2157 1088 2206 sunt
1112 2139 1226 2206 necin
1250 2138 1385 2206 iustitiae
1411 2137 1586 2205 laesionem
1609 2160 1657 2204 re-

288 2243 445 2325 dundant,
475 2243 682 2312 libentissime
714 2246 735 2311 ii
765 2268 849 2312 nunc
879 2243 1032 2313 fuerimus
1056 2256 1087 2312 et
1111 2267 1180 2312 esse
1210 2267 1337 2333 semper
1367 2245 1545 2333 cupiamus,
1575 2265 1657 2332 quos

285 2350 442 2441 praeclara
463 2361 517 2418 tua
540 2350 573 2417 in
597 2373 657 2418 nos
681 2349 785 2418 officia
808 2374 845 2419 ac
867 2348 1020 2419 beneficia
1037 2350 1247 2439 expostulant.
1293 2350 1329 2418 Id
1352 2363 1386 2419 ut
1409 2350 1568 2418 Serenitas
1584 2349 1655 2416 Tua
1706 2383 1712 2393 ·

286 2456 343 2525 sibi
367 2455 562 2545 persuadeat,
587 2480 783 2545 magnopere
806 2455 844 2524 ab
869 2480 906 2525 ea
928 2457 1066 2546 petimus
1090 2468 1121 2524 et
1144 2455 1257 2545 cupide
1274 2468 1486 2545 expectamus.
1533 2455 1656 2537 Quem-

285 2563 459 2632 admodum
484 2564 561 2631 haec
585 2564 680 2631 etiam
703 2576 846 2632 oratores
869 2565 914 2632 tui
938 2562 976 2630 ad
999 2575 1031 2631 te
1054 2561 1257 2650 perscribent.

392 2686 511 2755 Datum
534 2688 657 2755 Romae
682 2707 734 2775 23.
759 2686 912 2756 Octobris
940 2708 1033 2774 1531·
1079 2688 1178 2754 Anno
1201 2698 1326 2755 octavo.
1416 2774 1453 2842 Bl
1494 2775 1500 2786 ·

1454 2797 1551 2842 ostus.

498 2934 575 2990 Brev.
593 2936 657 2989 min.
676 2934 729 2989 vol.
745 2950 785 3004 37,
804 2953 829 2989 n.
842 2935 903 3003 485.
939 2934 995 2989 Das
1013 2935 1159 2989 Schreiben
1178 2933 1225 2988 des
1237 2933 1350 3005 Konigs,
1369 2933 1397 2987 in
1409 2933 1542 2987 welchem
1561 2950 1589 2986 er
1604 2930 1658 2986 Lee

393 3022 434 3077 fur
457 3022 504 3077 das
530 3024 579 3076 seit
598 3022 726 3095 Wolseys
745 3023 807 3077 Tod
831 3028 884 3093 (29.
908 3023 954 3078 XI.
977 3026 1055 3094 1530)
1079 3023 1207 3094 erledigte
1232 3022 1381 3077 Erzbistum
1399 3021 1471 3076 York
1494 3021 1658 3093 prasentiert,

393 3110 417 3164 d.
433 3111 457 3166 d.
475 3110 619 3183 Hamptell‚
641 3126 680 3165 12.
699 3112 745 3166 IX.
768 3126 830 3182 1531
854 3111 942 3181 (lnstr.
961 3111 1072 3166 miscell.
1092 3111 1166 3166 Arm.
1181 3111 1227 3165 XI.
1247 3126 1318 3182 caps.
1334 3127 1356 3178 r,
1376 3128 1401 3165 n.
1418 3113 1460 3181 34)
1480 3111 1512 3164 ist
1531 3108 1659 3181 gedruckt

393 3199 435 3253 bei
455 3199 580 3266 Theiner,
600 3218 624 3271 p.
646 3200 704 3269 598,
723 3218 748 3254 n.
766 3214 841 3272 1029,
860 3200 975 3267 Pococh‚
995 3200 1102 3270 11.137.
1140 3198 1264 3253 Heinrich
1283 3198 1359 3253 bittet
1378 3198 1451 3252 datin
1470 3215 1515 3251 um
1533 3195 1659 3251 Ermassi·

393 3304 468 3359 gung
491 3288 537 3342 der
556 3287 661 3354 Taxen,
685 3289 738 3343 und
761 3288 793 3343 da
818 3288 865 3343 der
883 3288 963 3360 Papst
985 3289 1012 3342 in
1036 3288 1098 3343 dem
1124 3289 1208 3342 Breve
1233 3305 1285 3342 von
1310 3288 1383 3341 einer
1406 3285 1572 3340 besonderen
1591 3285 1658 3338 Ver·

393 3377 559 3449 guastigung
577 3377 685 3448 spricht,
704 3376 746 3431 die
760 3394 788 3431 er
807 3377 858 3432 den
877 3377 972 3432 beiden
990 3394 1078 3432 neuen
1092 3376 1235 3431 bischofen
1252 3376 1376 3448 gewahrt
1394 3375 1470 3442 habe,
1489 3390 1521 3428 so
1535 3374 1568 3427 ist
1587 3372 1659 3427 ohne

394 3464 502 3519 Zweifel
521 3464 562 3519 die
581 3465 756 3538 Gewahrung
775 3465 861 3520 dieser
879 3465 1067 3537 Etmassigung
1085 3465 1209 3519 darunter
1226 3482 1258 3518 zu
1277 3463 1426 3518 verstehen.
1464 3462 1489 3517 S.
1507 3462 1575 3516 Acta
1594 3477 1659 3515 con-

394 3552 534 3608 sistorialia
552 3571 613 3608 zum
632 3568 674 3609 20.
694 3552 816 3609 Oktober
838 3569 911 3624 1531·

930 3820 1019 3903 109.

439 3975 618 4043 Clemens
637 3976 707 4043 VH.
731 4000 771 4044 an
795 3977 992 4045 Gardiner.
1044 3976 1140 4058 Rom,
1164 3996 1216 4063 23.
1241 3973 1389 4043 Oktober
1416 3994 1508 4061 1531.

397 4134 554 4205 Ernennung
579 4153 635 4204 (um
661 4135 765 4207 Biscboj
788 4153 839 4190 von
862 4136 1023 4201 Winchester,
1051 4124 1228 4206 Ubertragung
1256 4134 1301 4187 der
1327 4133 1437 4203 Leitung
1461 4132 1515 4185 ulad
1540 4132 1661 4186 Admira-

289 4226 406 4287 stretton,
425 4226 472 4277 mit
491 4225 604 4295 einriger
619 4224 762 4278 Ausnahme
779 4225 826 4278 der
843 4224 1032 4296 Weihegewalt,
1050 4225 1086 4278 bis
1104 4225 1146 4277 die
1164 4221 1341 4295 apostolischen
1355 4221 1454 4275 Breven
1472 4221 1585 4274 durabat·
1602 4238 1661 4275 aus·

288 4313 410 4384 gesertigt
428 4314 503 4366 seim

471 4452 598 4522 Dilecto
621 4452 688 4520 filio
711 4454 873 4542 Stephano
898 4452 1098 4534 Gardineri0,
1123 4453 1225 4520 electo
1251 4451 1477 4518 Wintoniensi.

396 4576 437 4643 D.
461 4575 482 4643 f.
506 4576 560 4645 sal.
606 4576 763 4645 Ecclesiae
780 4577 998 4645 Wintoniensi
1021 4599 1078 4665 per
1101 4574 1223 4644 obitum
1247 4574 1412 4664 quondam
1427 4574 1576 4643 Thomae
1596 4596 1661 4642 car-

291 4681 401 4750 dinalis
423 4681 640 4765 Eboracensis,
664 4685 717 4773 qui
740 4686 841 4772 ipsam
865 4683 1030 4751 ecclesiam
1054 4708 1093 4750 ex
1116 4681 1351 4771 dispensatione
1375 4680 1559 4769 apostolica,
1583 4679 1660 4748 dum

291 4789 421 4872 viveret,
444 4788 621 4872 obtinebat,
652 4790 774 4857 vacanti
798 4787 837 4857 de
864 4811 1001 4877 persona
1028 4801 1081 4857 tua
1108 4787 1148 4856 de
1177 4810 1284 4855 vener.
1316 4784 1446 4853 fratrum
1474 4798 1660 4854 nostrorum

292 4894 426 4961 consilio
443 4894 649 4982 providimus.
698 4894 853 4963 Volentes
869 4906 987 4977 autem,
1012 4894 1089 4962 dum
1112 4893 1232 4963 litterae
1252 4891 1446 4982 apostolicae
1468 4890 1661 4980 superdicta

292 5000 475 5086 provisione
500 5000 719 5088 expediuntur,
743 5000 825 5069 dicta
848 5000 993 5082 ecclesia,
1022 5022 1101 5090 quae
1132 4998 1185 5068 diu
1208 4999 1343 5087 pastoris
1371 4996 1485 5066 solatio
1513 4996 1661 5065 destituta
