3802 5606
289 393 352 453 274
1491 417 1523 472 ΙΙ.
1542 416 1660 489 Beilage.

287 565 392 619 Duuket
413 568 473 620 rtber
491 570 539 621 den
564 569 648 641 Tagen
673 590 724 625 uon
743 574 892 635 Murseilte:
917 578 1026 630 dorsetae
1049 580 1080 630 ist
1099 579 1159 631 aber
1181 578 1260 630 sicher
1279 577 1348 630 ntehr
1367 578 1405 630 als
1430 579 1481 631 olle
1504 595 1550 631 uus
1567 578 1661 631 dritter

288 654 340 706 und
357 657 455 708 vierter
473 656 553 711 Hand
570 659 746 731 bergcleitcten
763 661 1000 737 Verdricbtt'gungen
1016 668 1143 737 geeignet,
1160 667 1209 719 dm
1222 664 1437 738 Ausgangspuukt
1454 685 1485 735 zu
1504 667 1574 720 einer
1592 666 1660 719 ricb-

286 743 356 814 tt'gett
378 744 545 817 Beurtcilung
567 748 609 801 des
628 749 728 822 Papstes
750 769 780 821 ru
803 753 894 807 bildeu.
936 754 1045 808 Weitere
1069 755 1237 809 Nachricbten
1257 755 1326 825 gieta
1350 755 1502 826 standings
1524 755 1660 809 Friederts·

286 830 350 901 burg
370 833 396 883 in
415 833 461 886 der
480 834 689 909 Korresponden(
711 841 831 910 {wiscben
855 842 911 895 dem
931 843 1043 896 Nuntius
1066 843 1201 913 Vergert'us
1224 844 1278 897 und
1295 844 1351 896 dem
1367 843 1522 915 pdprtlicben
1542 843 1661 896 Sekretrir

289 918 472 974 Carttcsecchi.¹

393 1078 496 1169 Copia
519 1081 614 1151 d'una
637 1084 746 1155 lettera
770 1091 877 1158 scritta
900 1089 939 1159 da
961 1092 1045 1180 Papa
1068 1091 1237 1160 Clemente
1260 1091 1329 1159 VH.
1354 1115 1371 1158 a
1395 1089 1491 1159 Cario
1512 1090 1553 1158 V.

546 1189 742 1279 Imperatore
765 1193 804 1262 da
827 1196 987 1286 Massiglia
1010 1221 1027 1265 a
1051 1216 1093 1265 20
1116 1195 1275 1266 d’ottobre
1304 1217 1396 1285 1533.

446 1347 620 1417 Carissimo
645 1352 677 1418 in
702 1352 832 1422 Christo
856 1355 956 1444 hgliol
979 1370 1103 1439 nostro,
1127 1357 1181 1425 sal.
1206 1376 1238 1425 et
1260 1375 1362 1446 apost.
1386 1355 1499 1424 bened.

393 1487 516 1570 Questa
539 1493 697 1560 scrivemo
720 1517 777 1583 per
799 1498 899 1564 avisar
921 1498 1040 1566 Vostra
1062 1499 1184 1566 Maesta
1207 1496 1258 1566 del
1281 1520 1453 1587 progresso
1477 1496 1559 1565 delle
1582 1521 1658 1565 cose

286 1611 395 1663 nostre
420 1606 451 1661 et
475 1594 524 1663 del
548 1596 622 1681 fine,
646 1599 673 1666 al
690 1600 780 1689 quale
803 1616 917 1692 questo
941 1617 1053 1672 nostro
1069 1606 1197 1693 viaggio
1217 1601 1256 1671 da
1279 1605 1333 1671 noi
1357 1625 1463 1693 presb,
1487 1603 1537 1672 dal
1554 1607 1658 1671 omni-

275 1690 418 1786 ¹potente
443 1702 506 1769 Dio
531 1702 689 1788 dirimam,
719 1707 757 1774 da
780 1711 834 1776 voi
858 1709 926 1778 altri
950 1713 1084 1800 principi
1107 1712 1244 1779 cristiani
1267 1722 1434 1792 accettato‚
1458 1712 1551 1798 pona
1573 1709 1659 1777 sorse

287 1806 444 1875 condurre
469 1809 490 1876 11
512 1809 574 1877 ben
598 1812 725 1900 publico
749 1814 788 1882 de
811 1815 840 1883 la
856 1817 1046 1901 Cristianita,
1071 1830 1103 1886 et
1125 1818 1157 1887 vi
1173 1816 1297 1885 facemo
1316 1814 1491 1897 intendere,
1516 1815 1575 1883 che
1591 1839 1658 1882 non

286 1934 379 1980 senza
404 1914 506 1983 molto
532 1916 648 1985 dubbio
673 1932 704 1987 et
726 1933 881 2005 tenrenza‚
907 1923 938 1990 di
962 1947 1028 1991 non
1060 1944 1167 1991 trovar
1195 1925 1256 2012 qua
1283 1922 1327 2010 gli
1355 1923 1453 1989 animi
1484 1945 1569 2011 poco
1598 1921 1659 1989 dis-

286 2020 370 2106 posti
394 2020 420 2087 al
446 2019 506 2088 ben
531 2046 720 2109 commune,
750 2029 778 2094 ci
802 2041 993 2097 mettemmo
1022 2031 1054 2096 in
1079 2031 1220 2112 camin0‚
1252 2027 1416 2117 pensando
1448 2027 1509 2095 ben
1532 2050 1658 2115 sempre

286 2126 384 2192 servir
412 2150 429 2193 a
458 2128 538 2211 Dio,
567 2154 619 2197 ma
647 2155 714 2199 non
743 2132 805 2200 ben
833 2134 993 2204 hdandoci
1023 2136 1063 2203 de
1096 2136 1124 2203 le
1152 2136 1291 2225 passioni
1320 2147 1352 2203 et
1379 2133 1510 2202 volunta
1543 2132 1583 2202 de
1614 2132 1658 2221 gli

288 2230 452 2315 huomeni‚
477 2247 508 2303 et
531 2241 598 2303 cosi
622 2240 743 2328 suspesi
771 2242 961 2309 arrivammo
991 2242 1075 2309 alre
1099 2243 1251 2311 Cristmo.
1297 2241 1351 2307 Ma
1378 2239 1451 2330 quel
1481 2263 1558 2308 vero
1581 2240 1658 2321 Dio,

287 2336 306 2403 11
334 2338 425 2427 quale
454 2341 525 2409 solo
557 2356 644 2412 certo
673 2347 705 2412 in
734 2360 844 2436 questa
868 2371 942 2416 cosa
967 2348 1133 2416 habbiamo
1161 2350 1264 2415 inanzi
1293 2371 1310 2414 a
1337 2346 1379 2436 gli
1409 2347 1531 2429 occbii,
1561 2348 1588 2414 ci
1619 2346 1660 2413 ba

286 2464 394 2533 aperta
417 2446 443 2513 la
467 2462 558 2536 porta
582 2451 635 2538 piis
658 2451 875 2522 liberalmente
900 2455 958 2522 che
982 2478 1049 2523 non
1074 2453 1279 2536 credevamo‚
1303 2452 1420 2541 perche
1443 2451 1567 2519 habiam
1593 2463 1659 2519 tro·

288 2563 361 2618 vato
385 2566 499 2643 questo
523 2579 556 2623 re
579 2581 647 2625 non
676 2583 792 2627 manco
816 2561 1002 2629 desideroso
1030 2561 1061 2629 di
1084 2584 1161 2650 pace
1189 2565 1231 2628 ne
1255 2582 1371 2628 manco
1394 2558 1584 2627 abhorrente
1608 2557 1659 2626 del

287 2679 435 2746 spargere
459 2661 480 2727 11
503 2685 622 2751 sungue
646 2666 687 2732 de
710 2666 868 2749 Cristiani,
893 2668 952 2735 che
975 2669 1054 2735 siam
1078 2669 1133 2734 noi
1149 2666 1328 2748 medesimi,
1352 2664 1433 2734 etdi
1456 2684 1570 2755 questo
1590 2688 1657 2732 non

288 2763 359 2831 solo
383 2789 439 2853 per
461 2791 517 2836 sue
541 2769 648 2857 parole
672 2791 703 2839 et
726 2775 943 2860 promissioni,
968 2798 1019 2841 ma
1042 2775 1164 2842 anchor
1178 2796 1234 2863 per
1256 2772 1374 2841 vedere
1390 2773 1423 2839 in
1438 2771 1482 2839 lui
1497 2794 1559 2839 una
1575 2784 1659 2839 certa

288 2873 457 2960 opinione,
487 2875 545 2943 che
573 2889 682 2966 questa
706 2880 751 2945 sia
780 2879 881 2947 lavia
905 2880 936 2948 di
958 2881 1055 2949 haver
1077 2881 1142 2948 Dio
1170 2878 1229 2948 alle
1253 2902 1329 2947 cose
1351 2902 1408 2946 sue
1431 2879 1485 2966 piu
1508 2878 1659 2967 propiti0,

288 2980 390 3046 siamo
423 2982 502 3047 assai
531 2981 592 3049 ben
621 2985 674 3073 piis
704 2984 879 3071 certificati3
914 2987 935 3054 il
969 2986 1040 3076 qual
1069 2988 1173 3075 primo
1201 2987 1357 3075 principio
1386 2997 1418 3053 et
1446 2983 1659 3051 fondamento

289 3082 329 3152 de
352 3084 381 3152 le
405 3099 515 3154 nostre
538 3090 661 3172 artioni,
685 3114 782 3179 opera
804 3090 836 3159 di
859 3093 924 3159 Dio
952 3116 1019 3160 non
1049 3112 1172 3175 nostra,
1202 3092 1341 3160 anchora
1370 3090 1428 3159 che
1456 3092 1500 3157 sia
1528 3088 1659 3178 grande,

289 3191 404 3279 perche
428 3192 530 3259 siamo
555 3217 647 3263 come
671 3197 763 3263 sicuri
787 3198 818 3264 in
844 3218 953 3288 questa
977 3211 1063 3287 parte
1087 3199 1118 3266 di
1142 3222 1209 3266 non
1233 3197 1333 3266 dover
1355 3210 1477 3266 temere
1500 3198 1610 3264 novita
1626 3197 1659 3263 ni

288 3295 458 3364 turbationi
482 3297 533 3366 del
556 3313 638 3369 stato
663 3316 810 3390 presente
834 3304 952 3373 d'ltalia
975 3317 1007 3372 et
1026 3303 1057 3371 di
1081 3305 1276 3373 Cristianita:
1312 3327 1370 3393 pur
1398 3301 1572 3370 volendolo
1604 3302 1659 3367 noi

290 3402 420 3471 mandar
442 3407 495 3493 piis
520 3407 620 3474 inanzi
645 3421 678 3476 et
700 3408 856 3478 edificarci
879 3434 974 3500 sopra
995 3411 1024 3478 la
1047 3432 1135 3478 santa
1160 3422 1191 3478 et
1209 3409 1365 3478 salutifera
1388 3410 1525 3497 impresa
1548 3419 1659 3475 contra

291 3511 469 3599 gl'inhdeii‚
503 3538 544 3582 ne
572 3514 601 3582 la
628 3516 699 3605 qual
727 3517 795 3584 sola
823 3519 962 3586 consiste
989 3517 1018 3585 la
1045 3541 1118 3585 vera
1148 3541 1223 3606 pace
1259 3529 1291 3585 et
1317 3514 1451 3584 stabilita
1481 3513 1531 3582 del
1561 3536 1660 3581 nome

291 3620 456 3702 cristian0,
485 3620 504 3687 11
529 3621 675 3689 habiarno
705 3645 762 3711 per
785 3625 884 3692 molte
913 3626 963 3691 vie
987 3636 1018 3691 et
1041 3624 1164 3711 ragioni
1188 3634 1367 3690 monstrato
1390 3621 1420 3689 la
1442 3621 1597 3688 necessita
1620 3616 1661 3686 de

290 3724 318 3791 la
341 3726 477 3815 impresa
501 3741 532 3795 et
556 3729 583 3795 la
606 3727 732 3809 facilita,
757 3730 900 3812 l’honor,
924 3728 1060 3812 l'utilita‚
1084 3729 1112 3797 11
1135 3729 1249 3818 gloria,
1282 3729 1340 3796 che
1364 3727 1384 3794 li
1408 3751 1449 3794 ne
1472 3728 1537 3815 pub
1561 3726 1661 3807 venir,

291 3854 325 3898 se
349 3834 632 3920 congiuntamente
657 3820 719 3903 cori
742 3837 783 3902 V.
806 3838 927 3904 Maesta
951 3860 984 3903 se
1008 3848 1107 3904 mette
1131 3859 1148 3902 a
1169 3854 1320 3924 proteget
1343 3833 1386 3922 gli
1403 3833 1551 3901 cristiani
1574 3830 1613 3899 da
1632 3829 1661 3899 le

291 3934 377 4003 forte
402 3950 433 4006 et
457 3940 519 4007 mal
543 3943 651 4009 animo
675 3941 714 4010 de
737 3940 901 4030 gl'inhdeli
926 3956 957 4010 et
972 3941 1095 4009 abassar
1119 3940 1290 4031 l'orgoglio
1315 3954 1346 4008 et
1361 3939 1540 4028 arrogantia
1563 3938 1602 4006 de
1617 3936 1662 4025 gli

291 4046 408 4112 nemici
438 4044 468 4112 di
499 4047 639 4115 Christo.
686 4051 715 4115 A
742 4061 853 4138 queste
885 4060 993 4116 nostre
1023 4047 1218 4138 persuasioni
1248 4059 1279 4113 et
1307 4046 1474 4134 preghiere
1503 4043 1565 4133 egli
1593 4066 1660 4111 non

291 4174 384 4217 senza
400 4151 531 4240 qualche
548 4153 748 4221 malenconia
767 4156 899 4243 rispose‚
923 4156 982 4223 che
998 4176 1111 4245 questo
1128 4154 1208 4221 seria
1232 4152 1252 4220 11
1268 4175 1327 4220 suo
1343 4174 1473 4219 summo
1490 4150 1661 4233 desiderio,

181 4285 186 4293 ·
291 4258 474 4326 accenando
498 4279 625 4347 portare
649 4284 711 4327 una
734 4261 868 4330 honesta
884 4260 1001 4329 invidia
1024 4285 1042 4327 a
1065 4259 1115 4329 chi
1139 4261 1179 4329 ha
1201 4261 1371 4348 anticipato
1387 4275 1501 4347 questo
1525 4256 1661 4338 honore,

291 4363 407 4451 perche
435 4365 505 4433 dice
533 4389 624 4454 saper
651 4366 750 4448 bene,
784 4368 842 4435 che
874 4368 901 4434 11
933 4368 1109 4456 prosperita
1139 4378 1171 4433 et
1202 4365 1356 4433 adversita
1384 4362 1464 4431 delle
1494 4384 1607 4450 guerre
1636 4362 1662 4428 si

291 4492 435 4556 possono
459 4471 618 4540 attribuite
635 4472 692 4540 alla
709 4471 845 4556 fortuna,
869 4497 921 4540 ma
944 4475 1003 4540 che
1026 4484 1136 4563 questa
1159 4472 1279 4540 attione
1300 4471 1367 4538 sola
1391 4474 1408 4537 e
1429 4469 1555 4559 propria
1572 4466 1663 4535 laude

292 4574 371 4643 della
394 4578 486 4660 virtit,
511 4598 543 4645 et
566 4579 625 4645 che
649 4579 679 4645 in
697 4602 783 4646 amar
806 4580 871 4646 Dio
895 4592 926 4648 et
949 4582 980 4646 in
1006 4577 1165 4647 desiderat
1187 4577 1278 4646 laude
1303 4590 1334 4644 et
1351 4576 1476 4645 honore
1500 4597 1567 4642 non
1584 4572 1662 4641 cede

291 4770 468 4843 Behauptung
487 4772 583 4826 vorher
602 4773 655 4827 und
669 4774 787 4828 nachher
805 4772 853 4827 auf
866 4773 908 4827 die
921 4774 1044 4827 Berichte
1062 4772 1110 4827 des
1123 4772 1261 4827 Cifuentes
1279 4788 1345 4826 vom
1357 4770 1382 4825 6.
1402 4770 1455 4823 und
1469 4787 1494 4841 9.
1508 4768 1664 4823 November

290 4840 460 4913 (Gayangos,
479 4843 524 4897 IV.
545 4861 569 4914 p.
589 4846 649 4913 852,
668 4845 731 4914 887)
751 4844 804 4898 und
822 4843 870 4898 auf
885 4844 936 4897 den
956 4844 1062 4898 Bericht
1081 4843 1128 4897 des
1143 4843 1262 4897 Sanchez
1281 4859 1344 4896 vom
1365 4857 1406 4895 20.
1426 4839 1577 4893 Dezembet
1596 4853 1660 4962 ¹5¹1?

291 4911 441 4980 (Bucholtz‚
461 4930 485 4985 9,
507 4916 595 4984 ¹22i3)
614 4914 708 4981 herois,
728 4932 773 4969 wo
792 4915 838 4969 das
857 4914 956 4987 gerade
971 4914 1115 4986 Gegenteil
1133 4913 1221 4968 davon
1241 4913 1321 4995 steht·
1338 4930 1370 4966 so
1389 4909 1458 4966 muss
1477 4927 1540 4964 man
1559 4926 1631 4962 unm
1651 4940 1663 4949 -

290 4982 391 5036 kurlich
409 4981 461 5037 den
479 4983 559 5054 Papst
577 4985 718 5051 bedauern,
737 4985 784 5040 der
802 4987 890 5040 einem
909 4985 1020 5040 solchen
1040 4984 1186 5039 Historiher
1204 4993 1280 5038 unter
1297 4983 1340 5037 dre
1358 4980 1452 5036 Hande
1471 4980 1536 5035 11111.

398 5064 406 5093 ¹
425 5055 686 5109 Nuntiaturberichte
705 5072 751 5110 aus
771 5055 961 5123 Deutschland,
980 5056 1000 5111 1.
1019 5073 1044 5110 n.
1066 5070 1106 5125 35,
1128 5055 1168 5125 36,
1187 5068 1222 5119 41
1246 5072 1269 5108 0.
1289 5071 1310 5108 s.
1329 5072 1364 5107 w.
1401 5054 1427 5106 S.
1447 5052 1518 5106 oben
1537 5050 1583 5104 Nr.
1606 5063 1664 5115 142.
