3842 5592
238 343 302 413 1528
321 336 479 396 Dezember.

890 517 954 601 88.

405 676 582 744 Clemens
602 676 672 743 VII.
718 675 893 743 Universis.
940 675 1040 756 Rom,
1068 693 1116 741 12.
1141 673 1319 742 Dezember
1346 678 1438 761 1528.

341 817 491 891 Papstlr'ches
512 816 720 871 Geleitschrciben
730 817 783 888 sair
801 815 939 870 Froncesco
961 815 1094 888 Campana
1114 834 1160 885 rur
1179 815 1251 869 Reise
1269 816 1332 869 arach
1351 816 1480 889 Englund.

342 958 506 1026 Universis
529 970 589 1027 etc.
635 958 719 1026 Cum
743 980 802 1046 pro
827 956 988 1023 nonnullis
1011 956 1129 1023 nostris
1157 958 1295 1043 negotiis
1319 962 1532 1044 praesentium
1557 986 1608 1030 ex-

237 1064 363 1147 hibitor,
388 1063 440 1132 dil.
464 1063 546 1132 filius
564 1065 747 1132 franciscus
764 1063 948 1151 Campanus
971 1063 1159 1130 camerarius
1183 1082 1292 1130 noster
1316 1064 1348 1129 in
1363 1064 1510 1153 Angliam
1535 1091 1608 1156 pro·

238 1168 402 1254 ficiscatur,
427 1194 487 1238 nos
510 1171 683 1260 cupientes,
714 1172 741 1238 ei
764 1188 870 1237 tutum
895 1181 926 1237 et
949 1168 1080 1236 liberum
1109 1171 1169 1236 iter
1192 1167 1307 1258 ubique
1331 1193 1410 1251 esse,
1439 1195 1553 1241 omnes
1577 1187 1609 1243 et

237 1276 380 1365 singulos
396 1299 498 1365 reges,
515 1277 682 1365 principes,
699 1275 806 1358 duces,
830 1275 1042 1356 marchiones,
1059 1275 1193 1342 comites
1212 1298 1248 1341 ac
1264 1274 1386 1343 nobiles
1401 1299 1609 1370 quoscunque

239 1405 365 1450 necnon
390 1384 530 1451 civitates
553 1384 835 1470 universitatesque
863 1379 1124 1470 particularesque
1148 1403 1300 1469 personas
1324 1384 1495 1467 civitatum,
1520 1390 1609 1477 oppi-

239 1487 369 1572 dorum,
393 1500 584 1572 castrorum,
614 1501 767 1557 terrarum
793 1499 824 1555 et
847 1487 993 1555 locorum
1018 1509 1296 1577 quorumcunque,
1325 1512 1381 1575 per
1404 1513 1484 1578 quae
1506 1495 1611 1581 ipsum

239 1595 438 1663 Franciscum
462 1597 521 1663 iter
544 1594 646 1663 facere
671 1595 854 1682 contigerit,
879 1594 1043 1661 hortamur
1066 1594 1097 1660 in
1117 1593 1274 1676 Domino,
1298 1593 1428 1663 subditis
1452 1621 1530 1666 vero
1553 1624 1612 1668 no·

239 1703 310 1770 stris
333 1699 470 1770 mediate
493 1702 544 1769 vel
566 1700 751 1768 immediate
780 1699 872 1768 nobis
896 1699 1043 1767 subiectis
1066 1701 1100 1766 in
1123 1701 1239 1767 virtute
1263 1714 1389 1769 sanctae
1411 1702 1612 1775 obedientiae

241 1820 272 1876 et
294 1807 351 1877 sub
375 1809 476 1877 nostri
498 1807 616 1875 arbitrii
642 1830 748 1896 poena
772 1829 918 1895 expresse
941 1804 1165 1895 praecipiendo
1189 1805 1387 1890 mandamus,
1415 1829 1449 1877 nt
1474 1811 1612 1880 eundem

239 1914 440 1982 franciscum
464 1915 497 1980 in
521 1912 628 1981 eundo
653 1931 691 1980 et·
705 1910 871 1980 redeundo
895 1935 969 1979 cum
986 1911 1110 1979 duobus
1132 1911 1182 1979 vel
1204 1911 1302 1980 tribus
1326 1915 1393 1981 eius
1409 1918 1612 1986 servitoribus

241 2032 293 2089 aut
321 2019 490 2088 comitibus
521 2018 716 2109 equestribus
744 2018 795 2086 vel
825 2016 1032 2107 pedestribus,
1062 2040 1098 2085 ac
1125 2016 1250 2100 valisiis,
1281 2017 1429 2107 bulgettis
1459 2035 1491 2091 et
1519 2024 1613 2093 rebus

241 2128 304 2195 suis
328 2126 477 2194 omnibus
502 2127 597 2193 etiam
619 2127 688 2193 sine
711 2123 772 2193 ulla
795 2123 881 2206 datii,
903 2122 1052 2211 gabellae,
1076 2124 1221 2213 portorii,
1245 2122 1424 2195 fundinavis
1447 2127 1613 2200 alteriusve

242 2234 454 2322 cuiuscunque
477 2231 587 2300 indicti
610 2230 661 2299 vel
684 2229 845 2298 indicendi
868 2230 975 2298 oneris
998 2229 1170 2313 solutione,
1194 2232 1226 2296 in
1250 2230 1328 2298 locis
1343 2235 1455 2301 vestris
1478 2235 1613 2325 ingredi,

242 2352 332 2423 stare,
355 2340 498 2420 transire,
521 2337 606 2405 abire
628 2336 794 2426 redireque
816 2335 913 2404 libere
936 2338 1134 2425 permittatis,
1166 2335 1303 2424 benigne
1328 2362 1400 2406 eum
1424 2342 1613 2430 recipientes

242 2457 274 2513 et
296 2443 491 2533 hospitaliter
506 2455 676 2512 tractantes
700 2441 740 2511 de
757 2442 906 2510 omnibus
929 2441 1021 2510 rebus
1045 2442 1103 2510 sibi
1127 2445 1310 2510 necessariis
1334 2467 1392 2531 pro
1409 2452 1614 2518 convenienti

242 2553 355 2639 pretio,
383 2570 414 2618 et
437 2552 464 2617 si
487 2573 568 2638 opus
595 2548 689 2617 fuerit
717 2551 838 2638 etipse
866 2547 989 2616 duxerit
1016 2548 1241 2637 requirendum
1271 2548 1310 2617 de
1333 2564 1438 2620 scorta
1466 2565 1497 2621 et
1526 2555 1613 2625 salvo

243 2656 413 2737 conductu,
432 2668 580 2745 prompte
599 2654 802 2744 provideatis,
825 2653 936 2723 [acturi
954 2656 987 2721 in
1006 2654 1068 2721 hoc
1088 2654 1180 2722 nobis
1198 2678 1267 2723 rem
1286 2655 1461 2726 admodum
1481 2675 1612 2748 gratam.

348 2780 467 2847 Datum
490 2780 614 2849 Romae
637 2791 696 2847 etc.
721 2777 772 2846 die
800 2798 849 2846 12.
874 2778 1051 2846 decembris
1079 2781 1171 2864 1528.
1219 2781 1257 2847 Α.
1281 2793 1383 2849 sexto.

1374 2923 1508 2994 Blosius.

454 3080 530 3134 Brev.
550 3080 614 3135 min.
633 3079 674 3135 Cl.
688 3078 746 3134 VII.
765 3079 819 3134 vol.
839 3094 880 3147 22,
899 3098 925 3134 n.
940 3079 999 3149 764.
1029 3079 1121 3151 Vergl.
1140 3079 1206 3135 dazu
1224 3080 1266 3135 die
1285 3081 1430 3138 Schreiben
1450 3085 1562 3144 CLVII,
1582 3107 1616 3144 an

348 3169 380 3223 H.
395 3169 464 3223 VIIl.
488 3167 542 3222 und
559 3168 602 3223 W.
622 3168 646 3222 d.
666 3167 690 3221 d.
713 3182 752 3236 15.
776 3167 927 3222 Dezember
949 3168 1014 3236 1528
1038 3167 1081 3222 bei
1099 3167 1224 3237 Theiner,
1249 3189 1273 3242 p.
1296 3171 1352 3241 562,
1377 3192 1402 3229 n.
1423 3178 1473 3248 998
1493 3178 1546 3233 und
1564 3197 1616 3254 999

349 3257 499 3326 (Buruetl.
519 3255 589 3311 Coll.
603 3256 634 3310 II.
654 3273 679 3311 n.
696 3256 749 3324 18),
768 3256 795 3309 in
814 3255 901 3310 denen
920 3255 967 3309 der
983 3255 1064 3328 Papst
1084 3256 1135 3310 den
1154 3268 1307 3329 genannten
1326 3260 1464 3335 Campana
1483 3265 1523 3320 liar
1542 3270 1616 3324 seine

348 3344 536 3416 Mitteilungen
559 3362 591 3398 zu
614 3344 666 3398 den
690 3340 884 3415 allgemeinen
893 3345 1240 3418 Friedensverhandlungeu
1264 3347 1316 3402 und
1341 3349 1485 3407 besonders
1512 3373 1543 3409 zu
1569 3357 1617 3411 der

349 3434 566 3506 Angelegenheit
584 3433 631 3487 des
650 3431 754 3504 trunigs
773 3432 941 3504 beglaubigt,
960 3434 1008 3487 mit
1026 3432 1073 3487 der
1085 3433 1296 3507 Versicherung,
1315 3436 1371 3491 dass
1390 3439 1437 3493 der
1454 3441 1534 3514 Papst
1554 3444 1615 3499 dem

349 3522 465 3593 Konig
458 3540 485 3575 rn
504 3521 662 3576 vaterlieher
674 3518 756 3574 Liebe
774 3521 908 3592 zugethan
926 3522 973 3575 sei.
1004 3511 1077 3576 Uber
1095 3520 1138 3576 die
1157 3522 1285 3596 Sendung
1303 3524 1451 3583 Francesco
1465 3530 1616 3604 Campanas

350 3610 405 3681 (Pr.
425 3610 458 3664 de
477 3609 569 3680 Colle)
588 3609 684 3681 vergl:
704 3608 755 3663 Die
775 3609 921 3681 papstliche
940 3610 1091 3678 Dekretale,
1111 3610 1177 3666 Hist
1196 3611 1330 3681 jahrbuch
1351 3616 1426 3684 1888,
1445 3619 1471 3674 S
1494 3621 1562 3693 39f.

903 3857 960 3939 37.

432 4014 611 4083 Clemens
630 4014 700 4081 VII.
725 4036 764 4080 an
787 4011 921 4081 Bischol
940 4013 1131 4083 Ghinucci
1154 4041 1220 4085 von
1240 4019 1435 4092 Worcester.

682 4120 779 4201 Rom,
804 4139 856 4207 27·
880 4120 1058 4189 Dezember
1086 4126 1179 4208 1528.

353 4280 549 4352 Rriclrberusung
567 4278 631 4333 noch
644 4279 709 4334 Rom
727 4278 781 4331 und
793 4278 999 4351 Aufsorderung,
1016 4281 1066 4334 den
1084 4282 1171 4354 Kont'g
1189 4301 1242 4337 von
1260 4285 1383 4357 England
1401 4308 1443 4343 rem
1454 4293 1620 4362 freuadlr'cbe

250 4368 402 4440 Entlassung
420 4386 471 4422 von
489 4369 546 4422 dem
563 4365 851 4439 Gesandtschaftsposten
871 4369 898 4420 in
919 4367 1029 4439 Sparten
1047 4387 1078 4439 qu
1097 4372 1221 4425 ersuchrn.

353 4508 533 4577 Venerabili
556 4507 641 4575 fratri
664 4508 867 4597 Hieronymo
891 4532 985 4598 eppo.
1003 4510 1223 4598 Wigorniensi
1240 4513 1351 4582 Sermi.
1376 4518 1511 4604 Angliae
1535 4526 1618 4610 regis

250 4614 331 4704 apud
354 4616 512 4683 Sermum.
538 4614 708 4683 Caesarem
732 4616 860 4682 oratori

355 4740 437 4807 Ven.
466 4738 502 4806 fr.
531 4737 585 4807 sal
630 4739 695 4806 Etsi
727 4736 804 4806 haec
833 4750 886 4806 tua
912 4741 1074 4808 triennalis
1101 4765 1119 4809 a
1149 4742 1241 4811 nobis
1271 4743 1410 4812 absentia
1442 4747 1484 4814 ob
1517 4752 1620 4820 multi·

251 4843 363 4932 plicem
394 4869 502 4927 usum,
533 4868 629 4935 quem
661 4868 700 4912 ex
732 4843 795 4912 fide
828 4842 972 4914 doctrina
999 4848 1176 4938 virtuteque
1207 4860 1260 4916 tua
1283 4850 1499 4939 cupiebamus,
1529 4857 1621 4926 nobis

252 4950 456 5019 incommoda
484 4951 645 5033 acciderit,
673 4963 781 5018 tamen
809 4950 896 5040 qnod
925 4954 1043 5020 interea
1072 4954 1190 5021 Carmi.
1220 4956 1252 5021 in
1277 4956 1406 5024 Christo
1436 4957 1490 5027 filii
1520 4968 1621 5033 nostri
