3836 5598
258 392 324 451 1529
341 379 410 450 Juni.
1560 366 1622 429 117

256 560 340 606 esser
362 537 488 606 infidele
510 538 540 606 al
562 562 622 607 suo
646 562 679 606 re
703 550 735 607 et
758 538 907 607 mancarli
930 541 962 606 in
980 561 1054 606 cosa
1077 538 1107 607 di
1130 551 1216 609 tanta
1239 539 1441 628 importantia
1464 538 1495 607 di
1518 538 1624 629 quello

255 643 373 724 officio,
402 644 461 713 che
484 645 564 714 deve
587 646 644 713 alla
666 646 775 728 verita,
803 647 829 714 si
851 658 1077 734 appresentava
1099 645 1157 714 alle
1179 646 1326 733 Signorie
1354 645 1425 713 loro
1449 645 1539 714 Rme.
1569 668 1624 734 per

255 749 332 832 dirli,
357 749 515 819 affirmarli
539 765 570 820 et
586 774 647 819 con
664 753 735 820 vive
758 753 881 840 ragioni
897 751 1099 834 dimostrarli,
1124 752 1182 819 che
1199 751 1260 819 hoc
1284 753 1524 820 matrimonium
1541 752 1624 840 regis

255 870 286 924 et
308 859 436 946 reginae
460 857 543 926 nulla
566 871 722 947 potestate
739 858 876 926 humana
899 857 949 925 vel
972 857 1077 926 divina
1100 871 1206 946 potest
1229 857 1367 940 dissolvi,
1392 880 1450 946 pro
1470 881 1530 948 qua
1554 880 1624 925 sen-

253 965 350 1031 tentia
372 966 504 1033 asseruit
519 966 626 1048 etiam,
649 988 683 1032 se
707 966 845 1032 animam
863 966 1052 1053 positurum,
1076 962 1335 1053 soggiungend0,
1359 964 1418 1032 che
1442 964 1531 1033 divus
1547 965 1624 1052 Bap-

252 1070 324 1137 tista
348 1071 425 1138 olim
442 1073 641 1154 existimavit,
665 1095 699 1139 se
721 1072 891 1160 gloriosius
908 1084 1061 1160 oppetere
1084 1093 1151 1138 non
1168 1071 1320 1159 potuisse,
1344 1094 1438 1160 quam
1458 1093 1516 1159 pro
1533 1093 1625 1138 causa

254 1177 448 1244 matrimonii
456 1205 465 1262 ;
498 1176 584 1267 quod
608 1201 681 1246 cum
706 1201 745 1245 eo
769 1189 915 1266 tempore
940 1201 1007 1244 non
1031 1190 1114 1245 esset
1137 1175 1218 1245 adeo
1242 1189 1402 1256 sanctum,
1426 1179 1517 1245 sicuti
1540 1200 1625 1244 nunc

254 1295 301 1351 est
324 1306 380 1372 per
403 1284 520 1352 Christi
544 1285 706 1373 sanguinis
728 1283 935 1368 effusionem,
963 1283 1122 1353 ardentius
1147 1297 1177 1351 et
1201 1281 1358 1351 efficacius
1382 1284 1498 1371 poterit
1521 1284 1623 1373 ipsum

254 1388 291 1457 ad
308 1389 470 1479 quodlibet
493 1414 645 1479 magnum
670 1403 702 1458 et
718 1404 895 1475 extremum
919 1389 1093 1479 periculum
1110 1391 1230 1457 maiore
1255 1413 1327 1457 cum
1345 1387 1458 1457 fiducia
1481 1412 1624 1458 evocare.

255 1495 327 1563 Con
344 1496 444 1564 molte
468 1496 545 1565 altre
567 1496 674 1586 parole
695 1495 948 1580 accommodate,
973 1516 1003 1564 et
1027 1498 1058 1563 in
1083 1495 1147 1565 fine
1163 1495 1275 1564 obtulit
1298 1495 1437 1563 libellum
1460 1519 1529 1563 ase
1550 1519 1626 1564 con-

254 1605 404 1690 scriptum
435 1626 529 1691 super
561 1604 617 1671 hac
646 1624 697 1686 re3
732 1616 762 1671 et
790 1601 877 1691 dopo
906 1602 949 1670 lui
979 1604 1146 1691 episcopus
1170 1603 1356 1669 Assavensis
1381 1602 1462 1671 Ord.
1486 1603 1563 1669 min.
1593 1602 1625 1669 in

254 1706 387 1775 eandem
410 1707 475 1777 fere
503 1710 709 1793 sententiam,
738 1708 811 1777 licet
839 1709 985 1776 oratione
1014 1731 1079 1776 non
1109 1707 1283 1776 admodum
1312 1707 1393 1776 culta
1423 1727 1454 1776 et
1482 1708 1626 1776 breviore

253 1814 405 1883 nonnulla
434 1813 511 1883 dixit
539 1828 570 1883 et
593 1815 748 1905 quosdam
778 1816 1027 1883 commentarios
1057 1814 1186 1897 obtulit;
1220 1833 1293 1902 post
1322 1836 1403 1904 quos
1426 1838 1468 1882 un
1492 1812 1626 1883 doctore

253 1919 355 1990 dictus
378 1920 515 1989 decanus
539 1920 578 1989 de
594 1920 738 1989 Arcubus
762 1921 937 2010 praefectus
961 1922 1064 1989 curiae
1081 1921 1316 1989 Cantuariensis
1340 1922 1372 1987 in
1396 1921 1463 1988 iure
1486 1920 1625 1990 dicundo

253 2026 397 2115 allegavit
425 2051 462 2095 ex
486 2028 581 2095 sacris
610 2026 784 2096 canonibus
807 2025 961 2095 nonnulla
988 2028 1020 2095 in
1044 2025 1187 2095 favorem
1217 2027 1427 2108 matrimonii,
1455 2050 1535 2116 quae
1559 2051 1625 2095 non

159 2194 162 2199 ,
254 2132 389 2201 multum
414 2132 577 2222 urgebant.

358 2240 482 2308 Atutti
510 2240 632 2329 rispose
659 2240 680 2306 il
704 2240 799 2308 Rmo.
827 2239 1041 2321 Eboracense,
1070 2239 1207 2328 primum
1238 2239 1367 2308 miratus
1395 2238 1481 2328 quod
1510 2238 1549 2308 de
1578 2262 1626 2308 re·

253 2357 347 2433 pente
371 2344 452 2413 adeo
469 2368 525 2414 eos
548 2345 650 2414 adorti
675 2357 791 2428 essent,
814 2344 939 2428 deinde,
963 2344 1050 2435 quod
1073 2344 1134 2412 illic
1150 2343 1272 2413 stabant
1296 2364 1327 2413 er
1344 2344 1494 2414 sedebant
1517 2348 1626 2414 omnia

252 2450 385 2520 audituri
409 2451 447 2520 ad
471 2476 595 2521 causam
619 2453 807 2541 pertinentia
832 2465 863 2520 et
886 2476 944 2541 pro
961 2452 1076 2520 iustitia
1099 2450 1219 2534 facturi,
1243 2449 1330 2542 quod
1346 2450 1451 2520 divina
1474 2454 1626 2541 sapientia

253 2583 309 2627 cos
332 2560 542 2648 imperaverit.
590 2559 686 2647 Dipoi
710 2560 736 2625 si
761 2581 908 2647 processe
937 2558 976 2627 ad
1000 2558 1163 2639 ulteriora,
1187 2556 1391 2626 decernendo
1414 2559 1558 2646 reginam
1583 2558 1624 2627 ob

252 2689 319 2734 non
343 2666 609 2754 comparitionem
634 2685 868 2749 contumacem,
893 2684 924 2732 et
943 2664 1150 2733 nihilominus
1174 2687 1244 2732 eam
1262 2663 1419 2732 citandam
1442 2665 1542 2733 semel
1564 2688 1624 2755 pro

253 2794 389 2860 semper,
413 2785 445 2840 et
467 2771 675 2840 decreverunt
699 2771 869 2839 examinari
893 2783 990 2840 testes
1013 2792 1107 2859 super
1130 2771 1191 2836 iam
1209 2767 1320 2839 oblatis
1343 2769 1489 2852 articulis,
1512 2769 1624 2860 quibus

251 2878 399 2946 Maiestas
427 2879 512 2966 regia
540 2879 602 2944 iam
626 2876 791 2966 respoudit
818 2889 850 2945 et
873 2900 928 2966 per
957 2889 1197 2965 procuratorem
1225 2875 1348 2966 reliquit
1376 2877 1622 2965 responsionem

251 2983 333 3073 apud
356 2996 434 3052 acta.
472 2984 510 3052 Et
534 2987 600 3052 cosi
624 2985 650 3052 si
673 2985 862 3052 examinabo
885 2983 906 3051 li
930 2985 1105 3052 testimonii
1129 3002 1160 3052 et
1184 2983 1265 3051 vassi
1288 2981 1327 3051 da
1351 2982 1460 3072 lungo.
1500 2983 1623 3067 Questa

252 3114 325 3159 cosa
349 3090 388 3159 de
407 3089 559 3160 Roffense
582 3089 615 3160 fu
638 3091 835 3179 inexpectata
858 3103 889 3160 et
912 3090 1094 3180 improvisa,
1119 3110 1150 3159 et
1172 3091 1249 3179 perb
1272 3090 1374 3158 tenuit
1397 3113 1530 3159 omnem
1553 3114 1622 3180 per·

250 3221 363 3266 sonam
386 3199 418 3265 in
436 3196 654 3265 admiratione.
694 3195 779 3280 Quel
803 3196 861 3264 che
885 3200 962 3280 sart,
985 3195 1158 3265 vederemo
1182 3196 1240 3264 alla
1262 3197 1416 3285 giomata,
1440 3216 1471 3265 et
1494 3198 1548 3266 voi
1570 3200 1622 3286 gia

250 3302 413 3373 intendete
436 3302 509 3393 quel
532 3304 591 3370 che
615 3306 649 3386 ὲ;
681 3314 812 3391 pensate
839 3302 994 3392 quelche
1020 3304 1085 3392 pub
1109 3305 1248 3392 seguire,
1273 3314 1304 3370 et
1327 3304 1444 3391 perche
1466 3303 1487 3370 il
1511 3326 1620 3372 mezzo

250 3433 316 3479 non
340 3408 380 3479 dt
402 3407 528 3477 inducie
552 3427 583 3476 et
606 3408 638 3475 io
661 3430 745 3475 sono
769 3409 1026 3496 occupatissimo,
1049 3410 1127 3497 perb
1151 3430 1217 3475 non
1242 3410 1313 3475 saro
1337 3409 1390 3496 piu
1413 3407 1522 3497 lungo.

355 3530 504 3615 londini,
529 3552 580 3618 29.
605 3532 682 3599 iunii
709 3550 801 3618 1529.
1268 3619 1361 3688 ΕΗ
1384 3616 1422 3709 [Γ
1490 3619 1503 3710 ]

1295 3673 1302 3687 .
1362 3642 1512 3688 orano.

354 3799 457 3886 Copia
486 3795 517 3864 di
546 3795 656 3865 lettera
688 3797 802 3865 havuta
832 3796 862 3866 di
894 3797 1080 3885 Inghilterra
1109 3820 1126 3863 a
1155 3795 1266 3864 XXIX
1294 3794 1325 3864 di
1354 3797 1477 3884 giugno
1507 3797 1545 3866 da
1574 3822 1618 3866 un

248 3928 362 3973 amico.

353 4028 440 4095 Hon.
463 4039 522 4095 etc.
568 4028 628 4095 Per
643 4027 722 4096 dirvi
745 4028 776 4093 in
794 4025 898 4108 breve,
923 4026 951 4094 le
968 4049 1042 4094 cose
1065 4027 1118 4117 qui
1141 4027 1167 4093 si
1184 4048 1290 4093 vanno
1313 4039 1403 4095 tanto
1419 4028 1617 4117 stringendo,

248 4135 306 4204 che
333 4135 436 4223 potria
462 4131 646 4201 finalmente
674 4132 694 4200 il
717 4132 873 4201 cardinale
901 4134 968 4200 mio
995 4133 1090 4220 partir
1116 4132 1144 4200 al
1171 4152 1293 4221 tempo,
1322 4132 1380 4200 che
1402 4135 1479 4202 v'ho
1507 4138 1616 4205 scritto

247 4239 335 4308 volet
358 4240 453 4328 partir
476 4240 525 4322 io;
555 4243 572 4307 ὲ
594 4260 672 4307 vero
696 4240 754 4307 che
779 4240 871 4322 hieri,
896 4238 954 4306 che
977 4236 1009 4305 fu
1032 4261 1114 4307 anco
1137 4239 1253 4308 iudicio
1278 4262 1386 4307 coram
1410 4240 1615 4310 cardinalibus

247 4347 379 4414 istorum
408 4368 537 4433 regum,
564 4345 585 4412 il
612 4367 753 4413 vescovo
782 4344 937 4428 Rosense,
969 4345 1092 4414 huomo
1120 4346 1173 4435 qui
1201 4344 1233 4413 di
1262 4345 1381 4435 grande
1410 4347 1503 4414 stima
1530 4352 1556 4414 sl
1584 4347 1615 4416 di

247 4450 356 4521 lettere
379 4474 474 4519 come
490 4449 521 4518 di
545 4452 658 4520 ottima
673 4452 746 4534 vita,
771 4450 877 4520 habuit
899 4452 1080 4520 orationem
1104 4474 1211 4519 coram
1235 4453 1355 4541 populo
1378 4451 1417 4520 ad
1433 4451 1615 4536 cardinales,

248 4560 334 4626 cuius
362 4580 488 4625 summa
514 4556 586 4639 fuit,
615 4557 673 4624 che
700 4581 757 4646 per
784 4570 905 4648 quanto
932 4556 963 4625 di
992 4558 1221 4625 commissione
1249 4556 1279 4625 di
1308 4558 1339 4625 S.
1368 4558 1490 4626 Maesta
1518 4559 1616 4628 havea

247 4663 382 4731 studiato
406 4664 438 4730 in
455 4674 565 4751 questa
581 4686 656 4731 cosa
678 4661 730 4731 del
744 4686 779 4731 re
803 4675 834 4731 et
849 4662 930 4732 della
945 4665 1064 4752 regina,
1089 4686 1140 4730 era
1157 4665 1344 4745 certissim0,
1368 4662 1388 4729 il
1408 4666 1614 4734 matrimonio

246 4769 317 4838 loro
340 4791 426 4838 esser
453 4781 546 4837 santo
570 4781 602 4837 et
624 4767 734 4837 buono
764 4781 794 4839 et
817 4771 936 4858 potersi
965 4768 1137 4838 dissolvere
1165 4768 1236 4836 solo
1264 4768 1302 4837 da
1326 4769 1390 4837 Dio
1419 4781 1450 4837 et
1473 4771 1531 4838 che
1559 4795 1615 4861 per

247 4875 348 4965 quella
370 4876 469 4943 veriti
495 4887 560 4943 erat
588 4887 711 4964 paratus
740 4876 833 4944 etiam
863 4879 946 4944 mori
974 4889 1006 4945 et
1030 4877 1087 4944 che
1111 4873 1270 4943 morendo
1300 4898 1356 4964 per
1378 4875 1420 4944 tal
1448 4899 1524 4944 cosa
1546 4901 1614 4946 uon

246 4980 385 5050 crederia
403 4983 502 5049 morit
518 5005 634 5050 manco
652 4984 853 5065 iustamente,
877 4983 977 5051 chesi
994 4982 1077 5051 fesse
1092 4980 1206 5074 [fosse]
1227 4981 1289 5049 San
1306 4983 1466 5051 Giovanni
1483 4983 1612 5053 Battista
