3836 5598
1421 340 1572 394 Dauum
1593 354 1669 407 ¹530·

402 506 617 577 archiepiscopus
638 504 826 558 Bnrndusinus.
864 503 914 556 Mit
925 502 1081 556 Ausnahme
1096 502 1199 571 einiger
1211 499 1433 553 unbedeutenden
1447 500 1668 569 Abweicbnngen

403 596 435 647 ist
455 594 502 647 der
520 592 591 647 Text
608 609 697 664 genau
714 591 836 647 derselbe
854 592 908 645 wie
926 590 969 644 bei
987 588 1109 662 Raynald
1127 588 1181 642 und
1199 588 1326 642 Tbeiner.

507 681 667 735 Aufserdem
692 681 765 752 giebt
791 696 820 734 es
844 680 916 734 noch
941 680 1010 732 zwei
1032 679 1143 731 weitere
1167 675 1313 743 Entvrirrle,
1339 677 1415 730 beide
1439 675 1619 730 abschriftlich
1642 676 1668 728 in

404 771 477 824 Band
497 784 529 834 14
547 770 594 824 der
611 770 719 824 Lettere
738 769 764 822 di
783 769 905 839 Principi,
925 768 1106 837 f473-479,
1125 765 1262 820 euthalten
1281 775 1359 819 unter
1376 764 1423 818 der
1436 763 1596 818 Aussthriit:
1615 763 1668 817 Re·

403 875 502 929 sponsa
525 858 663 912 Rmorum.
683 858 843 911 Anconitani
866 866 892 909 et
911 856 957 915 SS,
976 864 1096 927 quatuor,
1120 853 1178 907 also
1196 870 1251 907 von
1273 853 1326 907 den
1344 852 1505 906 Kardinilen
1527 852 1617 906 Pietro
1636 851 1669 904 de

403 946 507 1001 Accolti
530 947 583 1001 und
606 946 667 1000 dem
687 944 930 1017 Grossponitentiar
952 943 1075 997 Lorenzo
1092 942 1173 996 Pucci
1195 941 1368 996 henirhrend
1404 941 1460 995 Der
1477 938 1603 994 Entwurf
1622 940 1669 993 des

403 1036 531 1090 letzteren
549 1037 582 1089 ist
601 1035 693 1089 lrr'rrzer
717 1034 771 1088 und
788 1033 947 1087 beschranlrt
965 1032 1023 1086 sich
1040 1033 1078 1085 im
1096 1030 1290 1085 wesentlichen
1309 1029 1357 1084 auf
1371 1030 1424 1083 deu
1442 1029 1594 1096 Nachvreis,
1612 1028 1669 1083 dafs

404 1124 446 1177 die
464 1123 639 1195 Abberufung
663 1123 710 1177 der
732 1121 818 1177 Sache
840 1122 911 1176 nach
934 1122 1004 1176 Rom
1027 1121 1065 1174 im
1084 1120 1187 1175 Rechts
1210 1119 1359 1190 begrirndet
1377 1136 1435 1172 war
1456 1117 1511 1172 und
1532 1119 1601 1172 nach
1623 1117 1670 1172 der

404 1211 540 1282 Berufung
558 1212 640 1265 durch
658 1210 700 1264 die
712 1210 831 1282 Konigin
845 1210 990 1263 Katharina
1008 1208 1081 1262 nicht
1100 1224 1255 1280 umgangen
1267 1208 1377 1261 werden
1394 1208 1503 1262 konnte.
1533 1207 1590 1261 Der
1603 1206 1669 1260 Kar-

404 1300 473 1354 dinal
493 1317 547 1353 von
566 1300 679 1354 Aulona
702 1299 827 1371 dagegen
850 1298 993 1353 behandclt
1014 1298 1057 1351 die
1076 1297 1163 1351 Sache
1180 1296 1372 1351 austirhrlicher
1397 1296 1451 1350 und
1468 1295 1609 1366 niderlegt
1627 1294 1670 1348 die

405 1388 544 1459 Anlrlageu
563 1388 704 1442 Heinrichs
722 1388 770 1442 der
784 1388 868 1442 Reihe
886 1388 956 1441 nach
974 1385 1093 1440 sachlich
1111 1385 1165 1439 und
1183 1385 1305 1450 treffend,
1324 1384 1444 1438 weshalb
1462 1386 1513 1438 wir
1530 1384 1577 1438 das
1590 1382 1670 1437 Stirck

404 1476 434 1537 (l.
448 1493 471 1531 c,
491 1477 508 1530 f.
523 1478 677 1547 475-479)
695 1476 818 1547 sogleich
836 1476 894 1530 hier
911 1474 1046 1529 anreiben.
1083 1474 1150 1527 Eine
1164 1473 1308 1544 vorherige
1320 1472 1527 1543 inhaltsangabe
1545 1473 1579 1525 ist
1597 1471 1670 1526 nicht

405 1564 585 1631 erforderlich,
605 1564 637 1618 da
656 1565 703 1619 der
720 1563 846 1618 Entwurf
860 1562 1034 1617 hinreichend
1052 1561 1238 1615 ubersichtlich
1256 1559 1388 1632 abget'at'st
1405 1562 1447 1615 ist.

953 1755 1020 1842 96.

570 1921 773 2007 Responsum
797 1918 880 1988 Rnti.
904 1919 1098 1984 Anconitani
1121 1916 1230 1984 litteris
1253 1914 1404 2003 Anglicis.

390 2045 580 2131 Accepimus
595 2043 713 2110 litteras
735 2055 805 2110 tuas
821 2041 878 2109 sub
895 2040 965 2109 data
991 2096 997 2107 .
1024 2096 1030 2107 .
1057 2094 1063 2106 .
1089 2095 1098 2121 ,
1121 2063 1198 2129 quas
1214 2039 1263 2106 his
1280 2039 1398 2106 nostris
1413 2040 1511 2106 inseri
1526 2036 1671 2117 fecimus,

302 2163 336 2216 ut
358 2148 549 2229 videremus,
572 2161 678 2217 utrum
703 2173 741 2216 ea
760 2149 856 2215 animi
872 2149 917 2215 tui
940 2146 1036 2215 libera
1058 2147 1216 2214 sententia
1230 2146 1453 2234 processerint,
1477 2142 1564 2233 quod
1580 2142 1672 2210 nobis

300 2255 470 2323 verisimile
494 2278 559 2323 non
584 2255 718 2338 videtur,
742 2278 874 2345 quarum
898 2253 1070 2322 litterarum
1094 2265 1189 2320 tenor
1211 2252 1352 2341 sequitur
1375 2264 1406 2319 et
1430 2261 1478 2318 est
1500 2249 1593 2317 talis.
1612 2302 1618 2316 .
1637 2303 1644 2315 .
1663 2303 1670 2315 .

301 2360 450 2429 Praefatis
473 2363 568 2450 igitur
591 2362 713 2443 litteriS,
737 2385 810 2430 cum
834 2360 1047 2449 multipliciter
1071 2382 1241 2448 personam
1267 2370 1410 2426 nostram
1433 2369 1538 2425 taxaoe
1561 2355 1671 2424 viden-

301 2479 362 2551 tur,
386 2493 451 2536 uno
476 2468 573 2536 verbo
597 2467 839 2557 respondemus,
863 2467 959 2555 longe
982 2465 1105 2555 pridem
1123 2464 1270 2552 exemplo
1290 2465 1409 2532 Christi
1424 2463 1580 2544 didicisse,
1604 2485 1672 2529 non

302 2575 405 2642 solum
435 2575 505 2656 has,
534 2573 590 2642 sed
617 2575 714 2663 longe
742 2575 880 2642 maiores
909 2574 1035 2640 iniurias
1067 2573 1221 2660 patienter
1248 2569 1344 2653 ferre3
1377 2594 1437 2637 nec
1466 2580 1632 2658 propterea
1655 2591 1673 2635 a

301 2679 425 2765 glutino
448 2680 699 2762 benevolentiae,
722 2704 787 2770 quo
811 2702 871 2747 nos
891 2690 923 2746 et
945 2677 1043 2746 Sedes
1062 2677 1247 2766 Apostolica
1269 2675 1344 2745 fidei
1360 2675 1532 2743 Defensori
1556 2675 1672 2742 merito

302 2788 537 2876 coniungimur,
561 2800 625 2855 tarn
649 2786 738 2854 facile
761 2784 865 2854 divelli
888 2808 1068 2874 possumus.

407 2894 583 2961 Venientes
606 2894 700 2982 igitur
723 2891 762 2960 ad
785 2915 909 2959 causam
933 2903 1021 2959 tuam
1045 2889 1198 2973 dicemus,
1221 2912 1283 2956 nos
1306 2912 1377 2956 eam
1402 2889 1433 2954 in
1456 2886 1572 2977 Anglia
1595 2886 1674 2954 duo

194 3040 196 3045 ·
302 2998 360 3067 bus
384 2999 416 3066 S.
439 3000 476 3069 R.
493 3000 527 3066 Ε.
553 2996 758 3067 cardinalibus
788 2998 898 3085 legatis
922 2997 961 3065 de
985 2986 1081 3064 lat'ere
1109 2997 1226 3063 nostris
1256 2996 1455 3063 commisisse
1487 3016 1527 3061 eo
1555 2993 1673 3074 anim0,

304 3117 337 3173 ut
361 3129 472 3172 eorum
496 3104 660 3194 prudentia
684 3116 716 3171 et
739 3105 923 3171 auctoritate
954 3104 1118 3191 negotium
1150 3100 1331 3170 huiusmodi
1359 3102 1426 3168 sine
1454 3099 1619 3181 scandalo,
1648 3100 1674 3166 si

303 3210 370 3279 lieri
399 3223 522 3298 posset,
555 3222 818 3299 componeretur,
851 3222 904 3277 aut
930 3209 1041 3277 saltem
1069 3210 1110 3290 si,
1144 3207 1231 3299 quod
1258 3207 1428 3276 verisimile
1457 3225 1538 3288 erar,
1566 3206 1675 3293 regina

304 3318 518 3405 suspicionem
543 3316 677 3406 aliquam
701 3315 763 3384 loci
787 3338 854 3382 uon
878 3318 936 3383 tuti
959 3315 1122 3403 allegaret,
1152 3326 1284 3403 possent
1314 3336 1375 3381 nos
1404 3313 1443 3380 de
1471 3314 1517 3379 rei
1544 3313 1674 3380 veritate

304 3447 363 3512 pro
387 3424 502 3493 iustitia
526 3422 709 3512 exequenda
733 3424 847 3490 certius
872 3421 1053 3490 informare.
1100 3422 1271 3511 Postquam
1297 3443 1374 3487 vero
1398 3443 1447 3486 res
1471 3418 1568 3507 longe
1587 3417 1675 3485 aliter

305 3552 398 3618 quam
424 3527 625 3618 sperabamus
649 3529 813 3616 processit,
838 3540 869 3595 et
892 3530 1001 3617 regina
1025 3529 1056 3595 in
1080 3529 1151 3616 ipso
1174 3526 1239 3594 fere
1263 3526 1324 3594 litis
1348 3527 1438 3594 initio
1463 3537 1494 3593 et
1510 3524 1673 3614 appellavit

306 3648 336 3702 et
359 3636 572 3723 suspicionem
597 3634 659 3702 loci
682 3634 837 3722 allegavit,
861 3635 994 3702 iustitiae
1011 3633 1121 3702 deesse
1146 3656 1212 3700 non
1233 3633 1395 3722 potuimus
1413 3644 1444 3700 et
1459 3631 1533 3699 ideo
1549 3654 1674 3698 causam

305 3739 487 3808 huiusmodi
510 3739 549 3807 ad
572 3763 632 3807 nos
655 3740 894 3823 advocavimus,
925 3763 991 3806 non
1016 3738 1145 3829 quidem
1170 3738 1350 3806 inconsulte
1373 3752 1426 3805 aut
1448 3737 1487 3805 ad
1511 3739 1675 3805 cuiuscun-

305 3870 366 3936 que
397 3848 547 3934 gratiam,
577 3845 633 3913 sed
663 3870 697 3913 re
726 3845 907 3914 huiusmodi
936 3859 1097 3934 tamquam
1128 3847 1234 3933 gravi,
1265 3856 1361 3934 prout
1388 3845 1487 3911 moris
1516 3855 1563 3911 est
1586 3842 1675 3910 Sedis

305 3950 521 4041 Apostolicae,
544 3964 609 4019 tarn
633 3954 665 4019 in
690 3954 849 4040 signatura
872 3963 997 4035 nostra,
1027 3951 1079 4017 ubi
1108 3951 1201 4039 primi
1230 3951 1357 4039 praelati
1380 3951 1545 4018 Romanae
1573 3949 1675 4016 curiae

306 4082 367 4125 una
391 4082 464 4125 curn
488 4057 625 4147 pluribus
646 4059 677 4126 S.
702 4059 739 4129 R.
764 4060 797 4125 E.
823 4057 1045 4138 cardinalibus,
1070 4069 1192 4124 mature
1216 4079 1380 4124 concussa.
1426 4057 1512 4123 Nam
1541 4055 1675 4122 iustitiae

306 4167 478 4231 convenire
502 4187 569 4231 non
593 4164 769 4248 videbatur,
793 4163 879 4254 quod
903 4165 1027 4253 regina,
1050 4186 1130 4253 quae
1159 4186 1197 4229 ex
1220 4163 1372 4251 Hispania
1399 4160 1532 4230 oriunda
1562 4173 1594 4228 et
1623 4182 1676 4228 rea

306 4282 463 4338 conventa
487 4284 567 4354 erat,
596 4272 683 4338 cuius
706 4269 811 4337 forum
834 4282 869 4337 tu
890 4280 1052 4358 tamquam
1076 4280 1164 4335 actor
1187 4270 1276 4358 sequi
1298 4267 1469 4351 tenebaris,
1498 4279 1675 4356 cogeretur,

307 4378 337 4441 in
367 4400 468 4465 regno
498 4378 711 4465 potentissimi
741 4377 855 4444 actoris
886 4396 1011 4440 causam
1043 4395 1132 4440 suam
1164 4371 1344 4441 defendere.
1391 4374 1475 4440 Nam
1499 4371 1673 4440 secundum

307 4484 474 4551 canonicas
497 4485 687 4565 sanctiones,
712 4481 763 4550 ubi
787 4500 874 4549 actor
898 4491 929 4547 et
947 4502 1019 4546 reus
1042 4480 1202 4546 civitatum
1227 4490 1259 4546 et
1282 4477 1466 4546 dioecesum
1482 4477 1673 4547 diversarum

307 4601 390 4670 sunt,
414 4591 446 4656 in
470 4590 593 4657 civitate
616 4588 666 4656 vel
690 4587 828 4656 dioecesi
852 4586 967 4653 actoris
991 4607 1083 4651 causa
1106 4583 1337 4652 committenda
1359 4608 1427 4652 non
1450 4590 1528 4668 est¹;
1552 4587 1675 4652 namin

307 4696 407 4762 causis
430 4693 654 4785 spiritualibus,
683 4707 717 4761 ut
739 4693 832 4781 paulo
861 4690 939 4758 infra
963 4689 1120 4772 dicemus,
1149 4690 1243 4757 etiarn
1271 4693 1303 4758 in
1331 4714 1434 4780 regno
1461 4702 1519 4758 tuo
1542 4691 1676 4779 Angliae

414 4916 422 4945 ¹
442 4907 532 4978 Vergl.
556 4907 663 4961 Decret.
683 4906 766 5030 Greq.
784 4905 830 4959 IX.
856 4904 951 4958 lib.11.
976 4905 1014 4958 tit.
1033 4903 1065 4958 11.
1085 4903 1118 4957 de
1137 4904 1197 4958 foro
1216 4905 1388 4974 competenti,
1414 4921 1435 4958 c.
1455 4904 1475 4962 1.
1495 4904 1549 4958 und
1567 4921 1590 4958 c.
1604 4904 1674 4961 v111.

308 4978 377 5043 (jum
396 4979 429 5032 sit
449 4977 582 5049 generale,
603 4987 630 5030 ut
649 4989 723 5030 actor
752 4993 829 5030 orum
849 4977 886 5030 rei
905 4984 1037 5049 sequatur.
