<?xml version="1.0" encoding="UTF-8"?>
<!DOCTYPE html PUBLIC "-//W3C//DTD XHTML 1.0 Transitional//EN"
    "http://www.w3.org/TR/xhtml1/DTD/xhtml1-transitional.dtd">
<html xmlns="http://www.w3.org/1999/xhtml" xml:lang="en" lang="en">
 <head>
  <title>
</title>
<meta http-equiv="Content-Type" content="text/html;charset=utf-8" />
  <meta name='ocr-system' content='tesseract 3.04.00' />
  <meta name='ocr-capabilities' content='ocr_page ocr_carea ocr_par ocr_line ocrx_word'/>
</head>
<body>
  <div class='ocr_page' id='page_1' title='image "./rmischedokument01ehsegoog_0271.png"; bbox 0 0 3842 5580; ppageno 0'>
   <div class='ocr_carea' id='block_1_1' title="bbox 234 314 1607 389">
    <p class='ocr_par' dir='ltr' id='par_1_1' title="bbox 234 314 1607 389">
     <span class='ocr_line' id='line_1_1' title="bbox 234 314 1607 389; baseline -0.002 -17"><span class='ocrx_word' id='word_1_1' title='bbox 234 319 339 389; x_wconf 73' lang='lat' dir='ltr'>anglici</span> <span class='ocrx_word' id='word_1_2' title='bbox 358 319 467 373; x_wconf 83' lang='lat' dir='ltr'>articuli.</span> <span class='ocrx_word' id='word_1_3' title='bbox 1543 314 1607 374; x_wconf 73' lang='lat'>219</span> 
     </span>
    </p>
   </div>
   <div class='ocr_carea' id='block_1_2' title="bbox 232 480 1611 3438">
    <p class='ocr_par' dir='ltr' id='par_1_2' title="bbox 232 480 1608 1186">
     <span class='ocr_line' id='line_1_2' title="bbox 234 480 1608 571; baseline 0.005 -25"><span class='ocrx_word' id='word_1_4' title='bbox 234 489 397 568; x_wconf 81' lang='lat' dir='ltr'>oporteret</span> <span class='ocrx_word' id='word_1_5' title='bbox 421 480 531 560; x_wconf 87' lang='lat' dir='ltr'>etiam,</span> <span class='ocrx_word' id='word_1_6' title='bbox 555 481 642 570; x_wconf 93' lang='lat' dir='ltr'>quod</span> <span class='ocrx_word' id='word_1_7' title='bbox 666 482 887 552; x_wconf 82' lang='lat' dir='ltr'>observassent</span> <span class='ocrx_word' id='word_1_8' title='bbox 910 507 1025 551; x_wconf 90' lang='lat' dir='ltr'>omnes</span> <span class='ocrx_word' id='word_1_9' title='bbox 1049 507 1239 571; x_wconf 89' lang='lat' dir='ltr'>congressus</span> <span class='ocrx_word' id='word_1_10' title='bbox 1265 483 1366 552; x_wconf 89' lang='lat' dir='ltr'>factos</span> <span class='ocrx_word' id='word_1_11' title='bbox 1389 483 1428 552; x_wconf 92' lang='lat' dir='ltr'>de</span> <span class='ocrx_word' id='word_1_12' title='bbox 1453 484 1503 552; x_wconf 92' lang='lat' dir='ltr'>die</span> <span class='ocrx_word' id='word_1_13' title='bbox 1527 486 1608 553; x_wconf 90' lang='lat' dir='ltr'>inter</span> 
     </span>
     <span class='ocr_line' id='line_1_3' title="bbox 234 584 1608 678; baseline 0.004 -25"><span class='ocrx_word' id='word_1_14' title='bbox 234 610 300 666; x_wconf 90' lang='lat' dir='ltr'>eos,</span> <span class='ocrx_word' id='word_1_15' title='bbox 324 584 436 675; x_wconf 88' lang='lat' dir='ltr'>quibus</span> <span class='ocrx_word' id='word_1_16' title='bbox 452 587 632 674; x_wconf 90' lang='lat' dir='ltr'>potuissent</span> <span class='ocrx_word' id='word_1_17' title='bbox 648 589 811 658; x_wconf 85' lang='lat' dir='ltr'>carnaliter</span> <span class='ocrx_word' id='word_1_18' title='bbox 827 591 991 678; x_wconf 88' lang='lat' dir='ltr'>coniungi,</span> <span class='ocrx_word' id='word_1_19' title='bbox 1015 589 1101 677; x_wconf 89' lang='lat' dir='ltr'>quod</span> <span class='ocrx_word' id='word_1_20' title='bbox 1119 589 1234 659; x_wconf 90' lang='lat' dir='ltr'>factum</span> <span class='ocrx_word' id='word_1_21' title='bbox 1255 614 1322 658; x_wconf 92' lang='lat' dir='ltr'>non</span> <span class='ocrx_word' id='word_1_22' title='bbox 1339 590 1405 658; x_wconf 90' lang='lat' dir='ltr'>fuit.</span> <span class='ocrx_word' id='word_1_23' title='bbox 1445 593 1608 659; x_wconf 85' lang='lat' dir='ltr'>Praeterea</span> 
     </span>
     <span class='ocr_line' id='line_1_4' title="bbox 233 691 1607 785; baseline 0.004 -26"><span class='ocrx_word' id='word_1_24' title='bbox 233 693 389 780; x_wconf 87' lang='lat' dir='ltr'>inspectio</span> <span class='ocrx_word' id='word_1_25' title='bbox 419 691 637 762; x_wconf 85' lang='lat' dir='ltr'>linteaminum</span> <span class='ocrx_word' id='word_1_26' title='bbox 663 696 794 764; x_wconf 90' lang='lat' dir='ltr'>Henrici</span> <span class='ocrx_word' id='word_1_27' title='bbox 818 698 921 764; x_wconf 87' lang='lat' dir='ltr'>octavi</span> <span class='ocrx_word' id='word_1_28' title='bbox 951 719 1018 763; x_wconf 91' lang='lat' dir='ltr'>non</span> <span class='ocrx_word' id='word_1_29' title='bbox 1042 695 1153 784; x_wconf 90' lang='lat' dir='ltr'>probat</span> <span class='ocrx_word' id='word_1_30' title='bbox 1182 699 1360 765; x_wconf 91' lang='lat' dir='ltr'>necessario</span> <span class='ocrx_word' id='word_1_31' title='bbox 1384 698 1607 785; x_wconf 88' lang='lat' dir='ltr'>virginitatem,</span> 
     </span>
     <span class='ocr_line' id='line_1_5' title="bbox 233 797 1608 892; baseline 0.005 -28"><span class='ocrx_word' id='word_1_32' title='bbox 233 800 304 888; x_wconf 88' lang='lat' dir='ltr'>quia</span> <span class='ocrx_word' id='word_1_33' title='bbox 328 797 478 867; x_wconf 90' lang='lat' dir='ltr'>doctores</span> <span class='ocrx_word' id='word_1_34' title='bbox 501 800 656 884; x_wconf 90' lang='lat' dir='ltr'>scribunt,</span> <span class='ocrx_word' id='word_1_35' title='bbox 686 801 773 892; x_wconf 92' lang='lat' dir='ltr'>quod</span> <span class='ocrx_word' id='word_1_36' title='bbox 797 802 944 870; x_wconf 88' lang='lat' dir='ltr'>mulieres</span> <span class='ocrx_word' id='word_1_37' title='bbox 972 800 1075 871; x_wconf 90' lang='lat' dir='ltr'>milies</span> <span class='ocrx_word' id='word_1_38' title='bbox 1099 804 1246 891; x_wconf 85' lang='lat' dir='ltr'>cognitae</span> <span class='ocrx_word' id='word_1_39' title='bbox 1274 815 1408 892; x_wconf 86' lang='lat' dir='ltr'>possunt</span> <span class='ocrx_word' id='word_1_40' title='bbox 1437 802 1553 872; x_wconf 91' lang='lat' dir='ltr'>artibus</span> <span class='ocrx_word' id='word_1_41' title='bbox 1577 816 1608 871; x_wconf 92' lang='lat' dir='ltr'>et</span> 
     </span>
     <span class='ocr_line' id='line_1_6' title="bbox 233 904 1607 998; baseline 0.004 -27"><span class='ocrx_word' id='word_1_42' title='bbox 233 904 474 973; x_wconf 87' lang='lat' dir='ltr'>medicamentis</span> <span class='ocrx_word' id='word_1_43' title='bbox 491 929 594 993; x_wconf 90' lang='lat' dir='ltr'>agere,</span> <span class='ocrx_word' id='word_1_44' title='bbox 619 906 706 997; x_wconf 88' lang='lat' dir='ltr'>quod</span> <span class='ocrx_word' id='word_1_45' title='bbox 730 909 899 997; x_wconf 87' lang='lat' dir='ltr'>unicuique</span> <span class='ocrx_word' id='word_1_46' title='bbox 916 910 984 976; x_wconf 92' lang='lat' dir='ltr'>viro</span> <span class='ocrx_word' id='word_1_47' title='bbox 1001 907 1190 977; x_wconf 90' lang='lat' dir='ltr'>videbuntur</span> <span class='ocrx_word' id='word_1_48' title='bbox 1206 911 1344 998; x_wconf 90' lang='lat' dir='ltr'>virgines</span> <span class='ocrx_word' id='word_1_49' title='bbox 1368 922 1399 977; x_wconf 89' lang='lat' dir='ltr'>et</span> <span class='ocrx_word' id='word_1_50' title='bbox 1415 910 1607 997; x_wconf 87' lang='lat' dir='ltr'>incognitae.</span> 
     </span>
     <span class='ocr_line' id='line_1_7' title="bbox 232 1011 1608 1107; baseline 0.005 -30"><span class='ocrx_word' id='word_1_51' title='bbox 232 1011 403 1099; x_wconf 85' lang='lat' dir='ltr'>Propterea</span> <span class='ocrx_word' id='word_1_52' title='bbox 427 1011 550 1095; x_wconf 91' lang='lat' dir='ltr'>dicunt,</span> <span class='ocrx_word' id='word_1_53' title='bbox 574 1013 661 1102; x_wconf 93' lang='lat' dir='ltr'>quod</span> <span class='ocrx_word' id='word_1_54' title='bbox 686 1014 831 1103; x_wconf 90' lang='lat' dir='ltr'>probatio</span> <span class='ocrx_word' id='word_1_55' title='bbox 856 1040 894 1082; x_wconf 87' lang='lat' dir='ltr'>ex</span> <span class='ocrx_word' id='word_1_56' title='bbox 918 1016 1117 1104; x_wconf 89' lang='lat' dir='ltr'>inspectione</span> <span class='ocrx_word' id='word_1_57' title='bbox 1146 1013 1365 1083; x_wconf 86' lang='lat' dir='ltr'>linteaminum</span> <span class='ocrx_word' id='word_1_58' title='bbox 1390 1033 1437 1083; x_wconf 90' lang='lat' dir='ltr'>est</span> <span class='ocrx_word' id='word_1_59' title='bbox 1464 1014 1554 1107; x_wconf 89' lang='lat' dir='ltr'>fallax</span> <span class='ocrx_word' id='word_1_60' title='bbox 1577 1028 1608 1084; x_wconf 92' lang='lat' dir='ltr'>et</span> 
     </span>
     <span class='ocr_line' id='line_1_8' title="bbox 233 1120 509 1186; baseline 0.004 -2"><span class='ocrx_word' id='word_1_61' title='bbox 233 1140 300 1184; x_wconf 90' lang='lat' dir='ltr'>non</span> <span class='ocrx_word' id='word_1_62' title='bbox 326 1120 509 1186; x_wconf 87' lang='lat' dir='ltr'>necessaria.</span> 
     </span>
    </p>

    <p class='ocr_par' dir='ltr' id='par_1_3' title="bbox 232 1224 1610 2269">
     <span class='ocr_line' id='line_1_9' title="bbox 338 1224 1608 1316; baseline 0.002 -25"><span class='ocrx_word' id='word_1_63' title='bbox 338 1225 476 1292; x_wconf 90' lang='lat' dir='ltr'>Decimo</span> <span class='ocrx_word' id='word_1_64' title='bbox 493 1224 649 1294; x_wconf 87' lang='lat' dir='ltr'>inducitur</span> <span class='ocrx_word' id='word_1_65' title='bbox 673 1226 753 1294; x_wconf 89' lang='lat' dir='ltr'>bulla</span> <span class='ocrx_word' id='word_1_66' title='bbox 770 1226 1024 1316; x_wconf 86' lang='lat' dir='ltr'>dispensationis,</span> <span class='ocrx_word' id='word_1_67' title='bbox 1049 1251 1128 1316; x_wconf 89' lang='lat' dir='ltr'>quae</span> <span class='ocrx_word' id='word_1_68' title='bbox 1145 1226 1220 1296; x_wconf 91' lang='lat' dir='ltr'>dicit</span> <span class='ocrx_word' id='word_1_69' title='bbox 1244 1229 1483 1296; x_wconf 89' lang='lat' dir='ltr'>matrimonium</span> <span class='ocrx_word' id='word_1_70' title='bbox 1500 1228 1608 1295; x_wconf 83' lang='lat' dir='ltr'>Arturi</span> 
     </span>
     <span class='ocr_line' id='line_1_10' title="bbox 234 1329 1608 1422; baseline 0.004 -26"><span class='ocrx_word' id='word_1_71' title='bbox 234 1342 264 1396; x_wconf 91' lang='lat' dir='ltr'>et</span> <span class='ocrx_word' id='word_1_72' title='bbox 281 1329 470 1397; x_wconf 87' lang='lat' dir='ltr'>Catherinae</span> <span class='ocrx_word' id='word_1_73' title='bbox 494 1330 624 1399; x_wconf 88' lang='lat' dir='ltr'>forsan</span> <span class='ocrx_word' id='word_1_74' title='bbox 647 1333 763 1401; x_wconf 87' lang='lat' dir='ltr'>carnali</span> <span class='ocrx_word' id='word_1_75' title='bbox 778 1334 891 1422; x_wconf 90' lang='lat' dir='ltr'>copula</span> <span class='ocrx_word' id='word_1_76' title='bbox 907 1346 1176 1402; x_wconf 89' lang='lat' dir='ltr'>consummatum.</span> <span class='ocrx_word' id='word_1_77' title='bbox 1216 1334 1254 1402; x_wconf 89' lang='lat' dir='ltr'>Et</span> <span class='ocrx_word' id='word_1_78' title='bbox 1271 1336 1317 1402; x_wconf 91' lang='lat' dir='ltr'>sic</span> <span class='ocrx_word' id='word_1_79' title='bbox 1339 1334 1397 1402; x_wconf 90' lang='lat' dir='ltr'>sub</span> <span class='ocrx_word' id='word_1_80' title='bbox 1413 1332 1509 1401; x_wconf 91' lang='lat' dir='ltr'>dubio</span> <span class='ocrx_word' id='word_1_81' title='bbox 1526 1333 1608 1401; x_wconf 90' lang='lat' dir='ltr'>forte</span> 
     </span>
     <span class='ocr_line' id='line_1_11' title="bbox 232 1435 1608 1530; baseline 0.003 -26"><span class='ocrx_word' id='word_1_82' title='bbox 232 1449 341 1522; x_wconf 88' lang='lat' dir='ltr'>posset</span> <span class='ocrx_word' id='word_1_83' title='bbox 365 1435 437 1518; x_wconf 92' lang='lat' dir='ltr'>dici,</span> <span class='ocrx_word' id='word_1_84' title='bbox 461 1436 548 1525; x_wconf 92' lang='lat' dir='ltr'>quod</span> <span class='ocrx_word' id='word_1_85' title='bbox 572 1437 669 1506; x_wconf 93' lang='lat' dir='ltr'>dictio</span> <span class='ocrx_word' id='word_1_86' title='bbox 697 1439 855 1522; x_wconf 87' lang='lat' dir='ltr'>»forsan«,</span> <span class='ocrx_word' id='word_1_87' title='bbox 880 1440 952 1508; x_wconf 92' lang='lat' dir='ltr'>licet</span> <span class='ocrx_word' id='word_1_88' title='bbox 975 1439 1166 1530; x_wconf 84' lang='lat' dir='ltr'>quandoque</span> <span class='ocrx_word' id='word_1_89' title='bbox 1190 1442 1230 1508; x_wconf 90' lang='lat' dir='ltr'>sit</span> <span class='ocrx_word' id='word_1_90' title='bbox 1254 1439 1438 1522; x_wconf 84' lang='lat' dir='ltr'>dubitativa,</span> <span class='ocrx_word' id='word_1_91' title='bbox 1466 1439 1608 1529; x_wconf 88' lang='lat' dir='ltr'>quando·</span> 
     </span>
     <span class='ocr_line' id='line_1_12' title="bbox 233 1544 1609 1636; baseline 0.004 -29"><span class='ocrx_word' id='word_1_92' title='bbox 233 1564 294 1630; x_wconf 89' lang='lat' dir='ltr'>que</span> <span class='ocrx_word' id='word_1_93' title='bbox 323 1561 369 1609; x_wconf 90' lang='lat' dir='ltr'>est</span> <span class='ocrx_word' id='word_1_94' title='bbox 394 1544 488 1610; x_wconf 91' lang='lat' dir='ltr'>etiam</span> <span class='ocrx_word' id='word_1_95' title='bbox 519 1547 697 1633; x_wconf 86' lang='lat' dir='ltr'>expressiva</span> <span class='ocrx_word' id='word_1_96' title='bbox 720 1547 874 1630; x_wconf 83' lang='lat' dir='ltr'>veritatis3</span> <span class='ocrx_word' id='word_1_97' title='bbox 909 1560 939 1614; x_wconf 89' lang='lat' dir='ltr'>et</span> <span class='ocrx_word' id='word_1_98' title='bbox 963 1545 1049 1636; x_wconf 90' lang='lat' dir='ltr'>quod</span> <span class='ocrx_word' id='word_1_99' title='bbox 1078 1547 1120 1614; x_wconf 91' lang='lat' dir='ltr'>ita</span> <span class='ocrx_word' id='word_1_100' title='bbox 1143 1545 1255 1614; x_wconf 90' lang='lat' dir='ltr'>debeat</span> <span class='ocrx_word' id='word_1_101' title='bbox 1286 1546 1417 1635; x_wconf 86' lang='lat' dir='ltr'>intelligi</span> <span class='ocrx_word' id='word_1_102' title='bbox 1445 1545 1541 1627; x_wconf 90' lang='lat' dir='ltr'>bulla,</span> <span class='ocrx_word' id='word_1_103' title='bbox 1565 1547 1609 1613; x_wconf 92' lang='lat' dir='ltr'>vi·</span> 
     </span>
     <span class='ocr_line' id='line_1_13' title="bbox 234 1645 1609 1741; baseline 0.005 -27"><span class='ocrx_word' id='word_1_104' title='bbox 234 1645 324 1715; x_wconf 89' lang='lat' dir='ltr'>detur</span> <span class='ocrx_word' id='word_1_105' title='bbox 342 1647 446 1736; x_wconf 87' lang='lat' dir='ltr'>colligi</span> <span class='ocrx_word' id='word_1_106' title='bbox 472 1674 510 1717; x_wconf 90' lang='lat' dir='ltr'>ex</span> <span class='ocrx_word' id='word_1_107' title='bbox 534 1649 619 1719; x_wconf 92' lang='lat' dir='ltr'>brevi</span> <span class='ocrx_word' id='word_1_108' title='bbox 636 1651 880 1741; x_wconf 89' lang='lat' dir='ltr'>dispensationis</span> <span class='ocrx_word' id='word_1_109' title='bbox 904 1653 962 1721; x_wconf 91' lang='lat' dir='ltr'>sub</span> <span class='ocrx_word' id='word_1_110' title='bbox 979 1651 1090 1721; x_wconf 90' lang='lat' dir='ltr'>eadem</span> <span class='ocrx_word' id='word_1_111' title='bbox 1115 1651 1185 1721; x_wconf 88' lang='lat' dir='ltr'>data</span> <span class='ocrx_word' id='word_1_112' title='bbox 1209 1665 1241 1721; x_wconf 91' lang='lat' dir='ltr'>et</span> <span class='ocrx_word' id='word_1_113' title='bbox 1263 1653 1301 1721; x_wconf 91' lang='lat' dir='ltr'>ab</span> <span class='ocrx_word' id='word_1_114' title='bbox 1321 1652 1436 1721; x_wconf 91' lang='lat' dir='ltr'>eodem</span> <span class='ocrx_word' id='word_1_115' title='bbox 1453 1652 1609 1721; x_wconf 86' lang='lat' dir='ltr'>Pontifice</span> 
     </span>
     <span class='ocr_line' id='line_1_14' title="bbox 234 1753 1609 1849; baseline 0.004 -30"><span class='ocrx_word' id='word_1_116' title='bbox 234 1753 312 1820; x_wconf 89' lang='lat' dir='ltr'>lulio</span> <span class='ocrx_word' id='word_1_117' title='bbox 337 1777 518 1838; x_wconf 89' lang='lat' dir='ltr'>concessae,</span> <span class='ocrx_word' id='word_1_118' title='bbox 542 1758 574 1824; x_wconf 87' lang='lat' dir='ltr'>in</span> <span class='ocrx_word' id='word_1_119' title='bbox 598 1781 659 1847; x_wconf 90' lang='lat' dir='ltr'>qua</span> <span class='ocrx_word' id='word_1_120' title='bbox 682 1757 867 1826; x_wconf 87' lang='lat' dir='ltr'>affirmative</span> <span class='ocrx_word' id='word_1_121' title='bbox 892 1759 1015 1840; x_wconf 91' lang='lat' dir='ltr'>dicitur,</span> <span class='ocrx_word' id='word_1_122' title='bbox 1039 1758 1126 1849; x_wconf 92' lang='lat' dir='ltr'>quod</span> <span class='ocrx_word' id='word_1_123' title='bbox 1150 1759 1390 1826; x_wconf 89' lang='lat' dir='ltr'>matrimonium</span> <span class='ocrx_word' id='word_1_124' title='bbox 1414 1757 1471 1827; x_wconf 87' lang='lat' dir='ltr'>fuit</span> <span class='ocrx_word' id='word_1_125' title='bbox 1494 1757 1609 1826; x_wconf 89' lang='lat' dir='ltr'>carnali</span> 
     </span>
     <span class='ocr_line' id='line_1_15' title="bbox 234 1859 1609 1953; baseline 0.004 -27"><span class='ocrx_word' id='word_1_126' title='bbox 234 1859 346 1948; x_wconf 91' lang='lat' dir='ltr'>copula</span> <span class='ocrx_word' id='word_1_127' title='bbox 370 1861 592 1944; x_wconf 89' lang='lat' dir='ltr'>coniunctum,</span> <span class='ocrx_word' id='word_1_128' title='bbox 621 1862 749 1953; x_wconf 89' lang='lat' dir='ltr'>dequo</span> <span class='ocrx_word' id='word_1_129' title='bbox 774 1864 858 1933; x_wconf 91' lang='lat' dir='ltr'>brevi</span> <span class='ocrx_word' id='word_1_130' title='bbox 884 1877 1009 1933; x_wconf 91' lang='lat' dir='ltr'>constat</span> <span class='ocrx_word' id='word_1_131' title='bbox 1037 1866 1068 1933; x_wconf 91' lang='lat' dir='ltr'>in</span> <span class='ocrx_word' id='word_1_132' title='bbox 1097 1863 1247 1932; x_wconf 90' lang='lat' dir='ltr'>mandato</span> <span class='ocrx_word' id='word_1_133' title='bbox 1276 1866 1403 1953; x_wconf 89' lang='lat' dir='ltr'>reginae</span> <span class='ocrx_word' id='word_1_134' title='bbox 1430 1863 1513 1953; x_wconf 89' lang='lat' dir='ltr'>apud</span> <span class='ocrx_word' id='word_1_135' title='bbox 1541 1882 1609 1932; x_wconf 87' lang='lat' dir='ltr'>acta</span> 
     </span>
     <span class='ocr_line' id='line_1_16' title="bbox 235 1965 1609 2060; baseline 0.004 -28"><span class='ocrx_word' id='word_1_136' title='bbox 235 1965 402 2053; x_wconf 91' lang='lat' dir='ltr'>producto.</span> <span class='ocrx_word' id='word_1_137' title='bbox 443 1969 606 2037; x_wconf 86' lang='lat' dir='ltr'>Praeterea</span> <span class='ocrx_word' id='word_1_138' title='bbox 630 1972 654 2036; x_wconf 91' lang='lat' dir='ltr'>si</span> <span class='ocrx_word' id='word_1_139' title='bbox 671 1984 733 2038; x_wconf 86' lang='lat' dir='ltr'>stet</span> <span class='ocrx_word' id='word_1_140' title='bbox 757 1971 938 2053; x_wconf 88' lang='lat' dir='ltr'>dubitative,</span> <span class='ocrx_word' id='word_1_141' title='bbox 962 1983 1068 2059; x_wconf 88' lang='lat' dir='ltr'>potest</span> <span class='ocrx_word' id='word_1_142' title='bbox 1089 1970 1161 2052; x_wconf 92' lang='lat' dir='ltr'>dici,</span> <span class='ocrx_word' id='word_1_143' title='bbox 1184 1969 1270 2060; x_wconf 93' lang='lat' dir='ltr'>quod</span> <span class='ocrx_word' id='word_1_144' title='bbox 1295 1994 1332 2038; x_wconf 92' lang='lat' dir='ltr'>ex</span> <span class='ocrx_word' id='word_1_145' title='bbox 1355 1971 1413 2038; x_wconf 92' lang='lat' dir='ltr'>illis</span> <span class='ocrx_word' id='word_1_146' title='bbox 1429 1971 1531 2038; x_wconf 90' lang='lat' dir='ltr'>verbis</span> <span class='ocrx_word' id='word_1_147' title='bbox 1555 1994 1609 2037; x_wconf 90' lang='lat' dir='ltr'>ne-</span> 
     </span>
     <span class='ocr_line' id='line_1_17' title="bbox 234 2073 1610 2165; baseline 0.003 -27"><span class='ocrx_word' id='word_1_148' title='bbox 234 2095 389 2162; x_wconf 91' lang='lat' dir='ltr'>quaquam</span> <span class='ocrx_word' id='word_1_149' title='bbox 421 2075 619 2144; x_wconf 89' lang='lat' dir='ltr'>concluditur</span> <span class='ocrx_word' id='word_1_150' title='bbox 648 2078 820 2165; x_wconf 90' lang='lat' dir='ltr'>virginitas,</span> <span class='ocrx_word' id='word_1_151' title='bbox 852 2079 953 2145; x_wconf 88' lang='lat' dir='ltr'>immo</span> <span class='ocrx_word' id='word_1_152' title='bbox 986 2078 1195 2159; x_wconf 89' lang='lat' dir='ltr'>contrarium,</span> <span class='ocrx_word' id='word_1_153' title='bbox 1229 2101 1303 2145; x_wconf 91' lang='lat' dir='ltr'>cum</span> <span class='ocrx_word' id='word_1_154' title='bbox 1335 2099 1430 2165; x_wconf 89' lang='lat' dir='ltr'>super</span> <span class='ocrx_word' id='word_1_155' title='bbox 1460 2073 1610 2143; x_wconf 87' lang='lat' dir='ltr'>affinitate</span> 
     </span>
     <span class='ocr_line' id='line_1_18' title="bbox 234 2179 580 2269; baseline 0.009 -23"><span class='ocrx_word' id='word_1_156' title='bbox 234 2191 357 2266; x_wconf 88' lang='lat' dir='ltr'>petatur</span> <span class='ocrx_word' id='word_1_157' title='bbox 380 2179 580 2269; x_wconf 89' lang='lat' dir='ltr'>dispensari.¹</span> 
     </span>
    </p>

    <p class='ocr_par' dir='ltr' id='par_1_4' title="bbox 235 2286 1611 2483">
     <span class='ocr_line' id='line_1_19' title="bbox 341 2286 1611 2378; baseline -0.001 -24"><span class='ocrx_word' id='word_1_158' title='bbox 341 2286 432 2354; x_wconf 86' lang='lat' dir='ltr'>Circa</span> <span class='ocrx_word' id='word_1_159' title='bbox 455 2286 631 2355; x_wconf 91' lang='lat' dir='ltr'>secundum</span> <span class='ocrx_word' id='word_1_160' title='bbox 656 2289 820 2357; x_wconf 90' lang='lat' dir='ltr'>articulum</span> <span class='ocrx_word' id='word_1_161' title='bbox 849 2289 1053 2378; x_wconf 90' lang='lat' dir='ltr'>principalem</span> <span class='ocrx_word' id='word_1_162' title='bbox 1079 2288 1156 2356; x_wconf 89' lang='lat' dir='ltr'>nihil</span> <span class='ocrx_word' id='word_1_163' title='bbox 1179 2287 1302 2372; x_wconf 88' lang='lat' dir='ltr'>dicitur,</span> <span class='ocrx_word' id='word_1_164' title='bbox 1331 2312 1404 2356; x_wconf 90' lang='lat' dir='ltr'>curn</span> <span class='ocrx_word' id='word_1_165' title='bbox 1428 2286 1521 2355; x_wconf 88' lang='lat' dir='ltr'>dubia</span> <span class='ocrx_word' id='word_1_166' title='bbox 1545 2288 1611 2375; x_wconf 91' lang='lat' dir='ltr'>ipsa</span> 
     </span>
     <span class='ocr_line' id='line_1_20' title="bbox 235 2388 829 2483; baseline 0.012 -27"><span class='ocrx_word' id='word_1_167' title='bbox 235 2388 292 2457; x_wconf 90' lang='lat' dir='ltr'>alia</span> <span class='ocrx_word' id='word_1_168' title='bbox 315 2389 591 2461; x_wconf 89' lang='lat' dir='ltr'>demonstratione</span> <span class='ocrx_word' id='word_1_169' title='bbox 614 2418 681 2462; x_wconf 89' lang='lat' dir='ltr'>non</span> <span class='ocrx_word' id='word_1_170' title='bbox 706 2406 829 2483; x_wconf 87' lang='lat' dir='ltr'>egeant.</span> 
     </span>
    </p>

    <p class='ocr_par' dir='ltr' id='par_1_5' title="bbox 235 2498 1611 3224">
     <span class='ocr_line' id='line_1_21' title="bbox 342 2498 1610 2590; baseline 0 -25"><span class='ocrx_word' id='word_1_171' title='bbox 342 2498 433 2565; x_wconf 86' lang='lat' dir='ltr'>Circa</span> <span class='ocrx_word' id='word_1_172' title='bbox 465 2500 594 2567; x_wconf 89' lang='lat' dir='ltr'>tertium</span> <span class='ocrx_word' id='word_1_173' title='bbox 627 2501 791 2568; x_wconf 89' lang='lat' dir='ltr'>articulum</span> <span class='ocrx_word' id='word_1_174' title='bbox 824 2501 1069 2589; x_wconf 92' lang='lat' dir='ltr'>dispensationis</span> <span class='ocrx_word' id='word_1_175' title='bbox 1101 2514 1208 2590; x_wconf 91' lang='lat' dir='ltr'>potest</span> <span class='ocrx_word' id='word_1_176' title='bbox 1240 2499 1388 2583; x_wconf 91' lang='lat' dir='ltr'>dubitari,</span> <span class='ocrx_word' id='word_1_177' title='bbox 1419 2498 1506 2589; x_wconf 90' lang='lat' dir='ltr'>quod</span> <span class='ocrx_word' id='word_1_178' title='bbox 1539 2498 1610 2566; x_wconf 90' lang='lat' dir='ltr'>licet</span> 
     </span>
     <span class='ocr_line' id='line_1_22' title="bbox 237 2604 1610 2695; baseline 0.001 -27"><span class='ocrx_word' id='word_1_179' title='bbox 237 2625 328 2670; x_wconf 89' lang='lat' dir='ltr'>eausa</span> <span class='ocrx_word' id='word_1_180' title='bbox 357 2604 606 2674; x_wconf 87' lang='lat' dir='ltr'>introducendae</span> <span class='ocrx_word' id='word_1_181' title='bbox 635 2607 734 2695; x_wconf 85' lang='lat' dir='ltr'>pacis,</span> <span class='ocrx_word' id='word_1_182' title='bbox 763 2619 796 2675; x_wconf 92' lang='lat' dir='ltr'>ut</span> <span class='ocrx_word' id='word_1_183' title='bbox 827 2606 977 2675; x_wconf 90' lang='lat' dir='ltr'>tollantur</span> <span class='ocrx_word' id='word_1_184' title='bbox 1003 2606 1082 2675; x_wconf 87' lang='lat' dir='ltr'>bella</span> <span class='ocrx_word' id='word_1_185' title='bbox 1105 2627 1136 2674; x_wconf 91' lang='lat' dir='ltr'>et</span> <span class='ocrx_word' id='word_1_186' title='bbox 1164 2629 1311 2695; x_wconf 88' lang='lat' dir='ltr'>guerrae,</span> <span class='ocrx_word' id='word_1_187' title='bbox 1334 2604 1476 2673; x_wconf 89' lang='lat' dir='ltr'>videatur</span> <span class='ocrx_word' id='word_1_188' title='bbox 1498 2605 1610 2692; x_wconf 88' lang='lat' dir='ltr'>vigens</span> 
     </span>
     <span class='ocr_line' id='line_1_23' title="bbox 236 2705 1610 2801; baseline 0.002 -27"><span class='ocrx_word' id='word_1_189' title='bbox 236 2705 274 2774; x_wconf 89' lang='lat' dir='ltr'>ad</span> <span class='ocrx_word' id='word_1_190' title='bbox 298 2708 560 2798; x_wconf 89' lang='lat' dir='ltr'>dispensandum,</span> <span class='ocrx_word' id='word_1_191' title='bbox 584 2725 692 2779; x_wconf 90' lang='lat' dir='ltr'>tamen</span> <span class='ocrx_word' id='word_1_192' title='bbox 715 2712 844 2801; x_wconf 87' lang='lat' dir='ltr'>quando</span> <span class='ocrx_word' id='word_1_193' title='bbox 868 2713 955 2801; x_wconf 91' lang='lat' dir='ltr'>viget</span> <span class='ocrx_word' id='word_1_194' title='bbox 978 2737 1036 2801; x_wconf 88' lang='lat' dir='ltr'>pax</span> <span class='ocrx_word' id='word_1_195' title='bbox 1060 2715 1127 2801; x_wconf 91' lang='lat' dir='ltr'>ipsa</span> <span class='ocrx_word' id='word_1_196' title='bbox 1150 2715 1231 2781; x_wconf 92' lang='lat' dir='ltr'>inter</span> <span class='ocrx_word' id='word_1_197' title='bbox 1253 2735 1356 2800; x_wconf 90' lang='lat' dir='ltr'>reges,</span> <span class='ocrx_word' id='word_1_198' title='bbox 1384 2733 1417 2780; x_wconf 89' lang='lat' dir='ltr'>ut</span> <span class='ocrx_word' id='word_1_199' title='bbox 1442 2729 1507 2779; x_wconf 87' lang='lat' dir='ltr'>erat</span> <span class='ocrx_word' id='word_1_200' title='bbox 1530 2722 1610 2777; x_wconf 91' lang='lat' dir='ltr'>tem-</span> 
     </span>
     <span class='ocr_line' id='line_1_24' title="bbox 235 2816 1610 2909; baseline 0.003 -29"><span class='ocrx_word' id='word_1_201' title='bbox 235 2836 313 2901; x_wconf 90' lang='lat' dir='ltr'>pore</span> <span class='ocrx_word' id='word_1_202' title='bbox 337 2816 521 2904; x_wconf 88' lang='lat' dir='ltr'>impetratae</span> <span class='ocrx_word' id='word_1_203' title='bbox 537 2816 791 2906; x_wconf 89' lang='lat' dir='ltr'>dispensationis,</span> <span class='ocrx_word' id='word_1_204' title='bbox 815 2818 901 2909; x_wconf 91' lang='lat' dir='ltr'>quod</span> <span class='ocrx_word' id='word_1_205' title='bbox 925 2832 1001 2888; x_wconf 90' lang='lat' dir='ltr'>tunc</span> <span class='ocrx_word' id='word_1_206' title='bbox 1024 2842 1083 2909; x_wconf 94' lang='lat' dir='ltr'>pro</span> <span class='ocrx_word' id='word_1_207' title='bbox 1099 2818 1149 2886; x_wconf 86' lang='lat' dir='ltr'>ilia</span> <span class='ocrx_word' id='word_1_208' title='bbox 1168 2817 1385 2887; x_wconf 88' lang='lat' dir='ltr'>conservanda</span> <span class='ocrx_word' id='word_1_209' title='bbox 1401 2816 1610 2906; x_wconf 88' lang='lat' dir='ltr'>dispensetur,</span> 
     </span>
     <span class='ocr_line' id='line_1_25' title="bbox 237 2921 1611 3014; baseline 0.002 -28"><span class='ocrx_word' id='word_1_210' title='bbox 237 2943 302 2987; x_wconf 89' lang='lat' dir='ltr'>non</span> <span class='ocrx_word' id='word_1_211' title='bbox 328 2921 449 2990; x_wconf 90' lang='lat' dir='ltr'>videtur</span> <span class='ocrx_word' id='word_1_212' title='bbox 477 2925 580 3012; x_wconf 87' lang='lat' dir='ltr'>gravis</span> <span class='ocrx_word' id='word_1_213' title='bbox 605 2947 712 3006; x_wconf 89' lang='lat' dir='ltr'>causa,</span> <span class='ocrx_word' id='word_1_214' title='bbox 741 2924 797 2993; x_wconf 89' lang='lat' dir='ltr'>sed</span> <span class='ocrx_word' id='word_1_215' title='bbox 825 2926 931 3014; x_wconf 89' lang='lat' dir='ltr'>potius</span> <span class='ocrx_word' id='word_1_216' title='bbox 959 2925 1085 3008; x_wconf 85' lang='lat' dir='ltr'>frivola,</span> <span class='ocrx_word' id='word_1_217' title='bbox 1114 2938 1274 2994; x_wconf 90' lang='lat' dir='ltr'>ettamen</span> <span class='ocrx_word' id='word_1_218' title='bbox 1305 2948 1395 2992; x_wconf 90' lang='lat' dir='ltr'>causa</span> <span class='ocrx_word' id='word_1_219' title='bbox 1426 2923 1611 3012; x_wconf 85' lang='lat' dir='ltr'>exprimitur</span> 
     </span>
     <span class='ocr_line' id='line_1_26' title="bbox 237 3028 1610 3120; baseline 0.004 -29"><span class='ocrx_word' id='word_1_220' title='bbox 237 3048 294 3112; x_wconf 95' lang='lat' dir='ltr'>pro</span> <span class='ocrx_word' id='word_1_221' title='bbox 324 3028 549 3097; x_wconf 87' lang='lat' dir='ltr'>conservandis</span> <span class='ocrx_word' id='word_1_222' title='bbox 577 3029 757 3098; x_wconf 80' lang='lat' dir='ltr'>foederibus</span> <span class='ocrx_word' id='word_1_223' title='bbox 785 3033 869 3120; x_wconf 89' lang='lat' dir='ltr'>pacis</span> <span class='ocrx_word' id='word_1_224' title='bbox 898 3043 929 3099; x_wconf 90' lang='lat' dir='ltr'>et</span> <span class='ocrx_word' id='word_1_225' title='bbox 956 3033 1111 3101; x_wconf 89' lang='lat' dir='ltr'>amicitiae</span> <span class='ocrx_word' id='word_1_226' title='bbox 1140 3056 1176 3099; x_wconf 88' lang='lat' dir='ltr'>ac</span> <span class='ocrx_word' id='word_1_227' title='bbox 1207 3044 1242 3101; x_wconf 94' lang='lat' dir='ltr'>ut</span> <span class='ocrx_word' id='word_1_228' title='bbox 1264 3031 1425 3099; x_wconf 89' lang='lat' dir='ltr'>vinculum</span> <span class='ocrx_word' id='word_1_229' title='bbox 1454 3028 1610 3097; x_wconf 87' lang='lat' dir='ltr'>amicitiae</span> 
     </span>
     <span class='ocr_line' id='line_1_27' title="bbox 237 3130 806 3224; baseline 0.016 -27"><span class='ocrx_word' id='word_1_230' title='bbox 237 3130 351 3200; x_wconf 91' lang='lat' dir='ltr'>diutius</span> <span class='ocrx_word' id='word_1_231' title='bbox 376 3135 457 3202; x_wconf 91' lang='lat' dir='ltr'>inter</span> <span class='ocrx_word' id='word_1_232' title='bbox 481 3159 572 3223; x_wconf 91' lang='lat' dir='ltr'>reges</span> <span class='ocrx_word' id='word_1_233' title='bbox 596 3144 806 3224; x_wconf 77' lang='lat' dir='ltr'>permarteat.²</span> 
     </span>
    </p>

    <p class='ocr_par' dir='ltr' id='par_1_6' title="bbox 238 3240 1610 3438">
     <span class='ocr_line' id='line_1_28' title="bbox 341 3240 1610 3332; baseline 0 -26"><span class='ocrx_word' id='word_1_234' title='bbox 341 3240 489 3309; x_wconf 85' lang='lat' dir='ltr'>Secundo</span> <span class='ocrx_word' id='word_1_235' title='bbox 518 3255 627 3330; x_wconf 89' lang='lat' dir='ltr'>posset</span> <span class='ocrx_word' id='word_1_236' title='bbox 656 3241 803 3326; x_wconf 85' lang='lat' dir='ltr'>dubitari,</span> <span class='ocrx_word' id='word_1_237' title='bbox 831 3267 870 3310; x_wconf 91' lang='lat' dir='ltr'>an</span> <span class='ocrx_word' id='word_1_238' title='bbox 900 3243 1093 3332; x_wconf 90' lang='lat' dir='ltr'>dispensatio</span> <span class='ocrx_word' id='word_1_239' title='bbox 1122 3246 1162 3311; x_wconf 93' lang='lat' dir='ltr'>sit</span> <span class='ocrx_word' id='word_1_240' title='bbox 1192 3244 1385 3331; x_wconf 88' lang='lat' dir='ltr'>surreptitia,</span> <span class='ocrx_word' id='word_1_241' title='bbox 1414 3243 1484 3331; x_wconf 87' lang='lat' dir='ltr'>quia</span> <span class='ocrx_word' id='word_1_242' title='bbox 1513 3242 1545 3307; x_wconf 90' lang='lat' dir='ltr'>in</span> <span class='ocrx_word' id='word_1_243' title='bbox 1576 3263 1610 3307; x_wconf 89' lang='lat' dir='ltr'>ea</span> 
     </span>
     <span class='ocr_line' id='line_1_29' title="bbox 238 3347 1610 3438; baseline 0.001 -28"><span class='ocrx_word' id='word_1_244' title='bbox 238 3347 432 3433; x_wconf 88' lang='lat' dir='ltr'>exprimitur,</span> <span class='ocrx_word' id='word_1_245' title='bbox 457 3361 491 3416; x_wconf 92' lang='lat' dir='ltr'>ut</span> <span class='ocrx_word' id='word_1_246' title='bbox 514 3348 675 3417; x_wconf 90' lang='lat' dir='ltr'>vinculum</span> <span class='ocrx_word' id='word_1_247' title='bbox 699 3351 854 3417; x_wconf 89' lang='lat' dir='ltr'>amicitiae</span> <span class='ocrx_word' id='word_1_248' title='bbox 880 3348 995 3417; x_wconf 89' lang='lat' dir='ltr'>diutius</span> <span class='ocrx_word' id='word_1_249' title='bbox 1019 3352 1100 3417; x_wconf 91' lang='lat' dir='ltr'>inter</span> <span class='ocrx_word' id='word_1_250' title='bbox 1123 3347 1279 3438; x_wconf 87' lang='lat' dir='ltr'>praefatos</span> <span class='ocrx_word' id='word_1_251' title='bbox 1303 3371 1394 3436; x_wconf 90' lang='lat' dir='ltr'>reges</span> <span class='ocrx_word' id='word_1_252' title='bbox 1417 3365 1610 3436; x_wconf 89' lang='lat' dir='ltr'>permaneat,</span> 
     </span>
    </p>
   </div>
   <div class='ocr_carea' id='block_1_3' title="bbox 237 3538 1611 3967">
    <p class='ocr_par' dir='ltr' id='par_1_7' title="bbox 237 3538 1611 3967">
     <span class='ocr_line' id='line_1_30' title="bbox 345 3538 1610 3610; baseline -0.002 -15"><span class='ocrx_word' id='word_1_253' title='bbox 345 3550 351 3579; x_wconf 92' lang='lat'><strong>¹</strong></span> <span class='ocrx_word' id='word_1_254' title='bbox 372 3542 407 3596; x_wconf 87' lang='lat' dir='ltr'>Es</span> <span class='ocrx_word' id='word_1_255' title='bbox 420 3543 539 3597; x_wconf 88' lang='lat' dir='ltr'>verdient</span> <span class='ocrx_word' id='word_1_256' title='bbox 556 3543 675 3598; x_wconf 84' lang='lat' dir='ltr'>bernerlrt</span> <span class='ocrx_word' id='word_1_257' title='bbox 687 3561 718 3596; x_wconf 91' lang='lat' dir='ltr'>zu</span> <span class='ocrx_word' id='word_1_258' title='bbox 731 3544 849 3610; x_wconf 87' lang='lat' dir='ltr'>werden,</span> <span class='ocrx_word' id='word_1_259' title='bbox 869 3542 924 3596; x_wconf 89' lang='lat' dir='ltr'>dafs</span> <span class='ocrx_word' id='word_1_260' title='bbox 938 3543 1002 3610; x_wconf 89' lang='lat' dir='ltr'>hier,</span> <span class='ocrx_word' id='word_1_261' title='bbox 1023 3560 1067 3596; x_wconf 88' lang='lat' dir='ltr'>wo</span> <span class='ocrx_word' id='word_1_262' title='bbox 1081 3543 1137 3596; x_wconf 89' lang='lat' dir='ltr'>sich</span> <span class='ocrx_word' id='word_1_263' title='bbox 1151 3559 1197 3596; x_wconf 84' lang='lat' dir='ltr'>aus</span> <span class='ocrx_word' id='word_1_264' title='bbox 1212 3542 1273 3596; x_wconf 87' lang='lat' dir='ltr'>dem</span> <span class='ocrx_word' id='word_1_265' title='bbox 1287 3541 1460 3596; x_wconf 87' lang='lat' dir='ltr'>Zusatzbreve</span> <span class='ocrx_word' id='word_1_266' title='bbox 1473 3540 1563 3610; x_wconf 86' lang='lat' dir='ltr'>Julius’</span> <span class='ocrx_word' id='word_1_267' title='bbox 1577 3538 1610 3593; x_wconf 85' lang='lat'>11.</span> 
     </span>
     <span class='ocr_line' id='line_1_31' title="bbox 238 3609 1611 3685; baseline -0.001 -21"><span class='ocrx_word' id='word_1_268' title='bbox 238 3612 280 3664; x_wconf 90' lang='lat' dir='ltr'>cin</span> <span class='ocrx_word' id='word_1_269' title='bbox 300 3611 405 3667; x_wconf 87' lang='lat' dir='ltr'>Beweis</span> <span class='ocrx_word' id='word_1_270' title='bbox 425 3613 466 3668; x_wconf 76' lang='lat' dir='ltr'>fiir</span> <span class='ocrx_word' id='word_1_271' title='bbox 485 3613 663 3685; x_wconf 88' lang='lat' dir='ltr'>denVollzug</span> <span class='ocrx_word' id='word_1_272' title='bbox 681 3614 728 3668; x_wconf 87' lang='lat' dir='ltr'>der</span> <span class='ocrx_word' id='word_1_273' title='bbox 745 3614 803 3668; x_wconf 87' lang='lat' dir='ltr'>Ehe</span> <span class='ocrx_word' id='word_1_274' title='bbox 822 3631 853 3667; x_wconf 87' lang='lat' dir='ltr'>zu</span> <span class='ocrx_word' id='word_1_275' title='bbox 873 3613 989 3685; x_wconf 89' lang='lat' dir='ltr'>ergeben</span> <span class='ocrx_word' id='word_1_276' title='bbox 1009 3614 1110 3678; x_wconf 88' lang='lat' dir='ltr'>schien,</span> <span class='ocrx_word' id='word_1_277' title='bbox 1130 3613 1192 3667; x_wconf 89' lang='lat' dir='ltr'>weil</span> <span class='ocrx_word' id='word_1_278' title='bbox 1211 3612 1257 3667; x_wconf 89' lang='lat' dir='ltr'>das</span> <span class='ocrx_word' id='word_1_279' title='bbox 1272 3611 1420 3666; x_wconf 83' lang='lat' dir='ltr'>Wdrtchen</span> <span class='ocrx_word' id='word_1_280' title='bbox 1441 3609 1564 3664; x_wconf 73' lang='lat' dir='ltr'>»forsan«</span> <span class='ocrx_word' id='word_1_281' title='bbox 1585 3611 1611 3663; x_wconf 89' lang='lat' dir='ltr'>in</span> 
     </span>
     <span class='ocr_line' id='line_1_32' title="bbox 237 3679 1610 3752; baseline -0.001 -18"><span class='ocrx_word' id='word_1_282' title='bbox 237 3681 392 3736; x_wconf 89' lang='lat' dir='ltr'>demselben</span> <span class='ocrx_word' id='word_1_283' title='bbox 412 3683 490 3750; x_wconf 88' lang='lat' dir='ltr'>fehlt,</span> <span class='ocrx_word' id='word_1_284' title='bbox 514 3685 561 3738; x_wconf 89' lang='lat' dir='ltr'>mit</span> <span class='ocrx_word' id='word_1_285' title='bbox 581 3685 686 3739; x_wconf 87' lang='lat' dir='ltr'>heinem</span> <span class='ocrx_word' id='word_1_286' title='bbox 701 3684 796 3738; x_wconf 89' lang='lat' dir='ltr'>Worte</span> <span class='ocrx_word' id='word_1_287' title='bbox 815 3685 858 3738; x_wconf 88' lang='lat' dir='ltr'>ein</span> <span class='ocrx_word' id='word_1_288' title='bbox 877 3683 986 3738; x_wconf 88' lang='lat' dir='ltr'>Zweisel</span> <span class='ocrx_word' id='word_1_289' title='bbox 1005 3702 1038 3738; x_wconf 88' lang='lat' dir='ltr'>an</span> <span class='ocrx_word' id='word_1_290' title='bbox 1057 3683 1104 3738; x_wconf 89' lang='lat' dir='ltr'>der</span> <span class='ocrx_word' id='word_1_291' title='bbox 1122 3684 1246 3737; x_wconf 89' lang='lat' dir='ltr'>Echtheit</span> <span class='ocrx_word' id='word_1_292' title='bbox 1264 3683 1311 3737; x_wconf 92' lang='lat' dir='ltr'>des</span> <span class='ocrx_word' id='word_1_293' title='bbox 1331 3683 1429 3736; x_wconf 86' lang='lat' dir='ltr'>Breves</span> <span class='ocrx_word' id='word_1_294' title='bbox 1448 3679 1610 3752; x_wconf 87' lang='lat' dir='ltr'>angedeutet</span> 
     </span>
     <span class='ocr_line' id='line_1_33' title="bbox 237 3750 1611 3824; baseline -0.002 -18"><span class='ocrx_word' id='word_1_295' title='bbox 237 3752 317 3819; x_wconf 88' lang='lat' dir='ltr'>wird‚</span> <span class='ocrx_word' id='word_1_296' title='bbox 337 3754 465 3808; x_wconf 84' lang='lat' dir='ltr'>waihrend</span> <span class='ocrx_word' id='word_1_297' title='bbox 491 3765 567 3809; x_wconf 89' lang='lat' dir='ltr'>sonst</span> <span class='ocrx_word' id='word_1_298' title='bbox 591 3755 633 3809; x_wconf 90' lang='lat' dir='ltr'>die</span> <span class='ocrx_word' id='word_1_299' title='bbox 657 3754 807 3809; x_wconf 86' lang='lat' dir='ltr'>Falschheit</span> <span class='ocrx_word' id='word_1_300' title='bbox 833 3754 973 3809; x_wconf 86' lang='lat' dir='ltr'>desselben</span> <span class='ocrx_word' id='word_1_301' title='bbox 999 3755 1052 3808; x_wconf 91' lang='lat' dir='ltr'>und</span> <span class='ocrx_word' id='word_1_302' title='bbox 1078 3754 1120 3808; x_wconf 90' lang='lat' dir='ltr'>die</span> <span class='ocrx_word' id='word_1_303' title='bbox 1145 3753 1296 3824; x_wconf 78' lang='lat' dir='ltr'>Fa&#39;ilschung</span> <span class='ocrx_word' id='word_1_304' title='bbox 1323 3752 1406 3806; x_wconf 91' lang='lat' dir='ltr'>durch</span> <span class='ocrx_word' id='word_1_305' title='bbox 1431 3750 1473 3805; x_wconf 90' lang='lat' dir='ltr'>die</span> <span class='ocrx_word' id='word_1_306' title='bbox 1501 3750 1611 3805; x_wconf 86' lang='lat' dir='ltr'>Kanzlei</span> 
     </span>
     <span class='ocr_line' id='line_1_34' title="bbox 237 3815 1611 3896; baseline -0.001 -21"><span class='ocrx_word' id='word_1_307' title='bbox 237 3822 314 3876; x_wconf 85' lang='lat' dir='ltr'>Karls</span> <span class='ocrx_word' id='word_1_308' title='bbox 329 3825 361 3878; x_wconf 87' lang='lat' dir='ltr'>V.</span> <span class='ocrx_word' id='word_1_309' title='bbox 381 3826 482 3879; x_wconf 89' lang='lat' dir='ltr'>ebenso</span> <span class='ocrx_word' id='word_1_310' title='bbox 497 3826 578 3896; x_wconf 87' lang='lat' dir='ltr'>stetig</span> <span class='ocrx_word' id='word_1_311' title='bbox 596 3827 650 3879; x_wconf 87' lang='lat' dir='ltr'>wie</span> <span class='ocrx_word' id='word_1_312' title='bbox 668 3825 840 3880; x_wconf 86' lang='lat' dir='ltr'>entschieden</span> <span class='ocrx_word' id='word_1_313' title='bbox 859 3825 946 3879; x_wconf 88' lang='lat' dir='ltr'>behau</span> <span class='ocrx_word' id='word_1_314' title='bbox 966 3835 1002 3879; x_wconf 89' lang='lat' dir='ltr'>tet</span> <span class='ocrx_word' id='word_1_315' title='bbox 1018 3826 1118 3881; x_wconf 83' lang='lat' dir='ltr'>uurde.</span> <span class='ocrx_word' id='word_1_316' title='bbox 1151 3815 1224 3880; x_wconf 83' lang='lat' dir='ltr'>Uber</span> <span class='ocrx_word' id='word_1_317' title='bbox 1242 3824 1294 3879; x_wconf 89' lang='lat' dir='ltr'>den</span> <span class='ocrx_word' id='word_1_318' title='bbox 1308 3824 1414 3878; x_wconf 89' lang='lat' dir='ltr'>Protest</span> <span class='ocrx_word' id='word_1_319' title='bbox 1432 3823 1480 3876; x_wconf 91' lang='lat' dir='ltr'>der</span> <span class='ocrx_word' id='word_1_320' title='bbox 1492 3821 1611 3892; x_wconf 79' lang='lat' dir='ltr'>Konigin</span> 
     </span>
     <span class='ocr_line' id='line_1_35' title="bbox 238 3843 1611 3967; baseline 0.001 -21"><span class='ocrx_word' id='word_1_321' title='bbox 238 3894 382 3949; x_wconf 83' lang='lat' dir='ltr'>Katharina</span> <span class='ocrx_word' id='word_1_322' title='bbox 405 3896 458 3950; x_wconf 90' lang='lat' dir='ltr'>und</span> <span class='ocrx_word' id='word_1_323' title='bbox 476 3896 523 3949; x_wconf 82' lang='lat' dir='ltr'>das</span> <span class='ocrx_word' id='word_1_324' title='bbox 536 3896 688 3950; x_wconf 80' lang='lat' dir='ltr'>Verhailtnis</span> <span class='ocrx_word' id='word_1_325' title='bbox 712 3897 846 3950; x_wconf 88' lang='lat' dir='ltr'>zwischen</span> <span class='ocrx_word' id='word_1_326' title='bbox 870 3897 917 3950; x_wconf 88' lang='lat' dir='ltr'>der</span> <span class='ocrx_word' id='word_1_327' title='bbox 942 3843 1129 3967; x_wconf 74' lang='lat' dir='ltr'>dispensbulle</span> <span class='ocrx_word' id='word_1_328' title='bbox 1155 3896 1208 3949; x_wconf 92' lang='lat' dir='ltr'>und</span> <span class='ocrx_word' id='word_1_329' title='bbox 1227 3896 1288 3949; x_wconf 89' lang='lat' dir='ltr'>dem</span> <span class='ocrx_word' id='word_1_330' title='bbox 1308 3894 1507 3965; x_wconf 86' lang='lat' dir='ltr'>Dispenshreve</span> <span class='ocrx_word' id='word_1_331' title='bbox 1526 3892 1611 3964; x_wconf 90' lang='lat' dir='ltr'>vergl.</span> 
     </span>
    </p>
   </div>
   <div class='ocr_carea' id='block_1_4' title="bbox 238 3963 990 4090">
    <p class='ocr_par' dir='ltr' id='par_1_8' title="bbox 238 3963 990 4090">
     <span class='ocr_line' id='line_1_36' title="bbox 238 3963 990 4090; baseline 0.005 -73"><span class='ocrx_word' id='word_1_332' title='bbox 238 3963 289 4018; x_wconf 89' lang='lat' dir='ltr'>den</span> <span class='ocrx_word' id='word_1_333' title='bbox 309 3965 540 4090; x_wconf 68' lang='lat' dir='ltr'>entsppechenden</span> <span class='ocrx_word' id='word_1_334' title='bbox 558 3967 700 4021; x_wconf 86' lang='lat' dir='ltr'>Abschnitt</span> <span class='ocrx_word' id='word_1_335' title='bbox 719 3968 746 4020; x_wconf 89' lang='lat' dir='ltr'>in</span> <span class='ocrx_word' id='word_1_336' title='bbox 764 3966 811 4020; x_wconf 90' lang='lat' dir='ltr'>der</span> <span class='ocrx_word' id='word_1_337' title='bbox 830 3966 990 4038; x_wconf 85' lang='lat' dir='ltr'>Einleitung.</span> 
     </span>
    </p>
   </div>
   <div class='ocr_carea' id='block_1_5' title="bbox 344 4043 355 4074">
    <p class='ocr_par' dir='ltr' id='par_1_9' title="bbox 344 4043 355 4074">
     <span class='ocr_line' id='line_1_37' title="bbox 344 4043 355 4074; baseline 0 0"><span class='ocrx_word' id='word_1_338' title='bbox 344 4043 355 4074; x_wconf 74' lang='grc'>1</span> 
     </span>
    </p>
   </div>
   <div class='ocr_carea' id='block_1_6' title="bbox 237 4106 1612 4745">
    <p class='ocr_par' dir='ltr' id='par_1_10' title="bbox 237 4106 1612 4745">
     <span class='ocr_line' id='line_1_38' title="bbox 237 4106 1563 4185; baseline 0 -26"><span class='ocrx_word' id='word_1_339' title='bbox 237 4106 346 4177; x_wconf 88' lang='lat' dir='ltr'>geltend</span> <span class='ocrx_word' id='word_1_340' title='bbox 366 4109 492 4179; x_wconf 84' lang='lat' dir='ltr'>gemacht</span> <span class='ocrx_word' id='word_1_341' title='bbox 511 4108 629 4166; x_wconf 82' lang='lat' dir='ltr'>worden,</span> <span class='ocrx_word' id='word_1_342' title='bbox 667 4108 719 4161; x_wconf 80' lang='lat' dir='ltr'>hm</span> <span class='ocrx_word' id='word_1_343' title='bbox 740 4108 781 4162; x_wconf 87' lang='lat'>28.</span> <span class='ocrx_word' id='word_1_344' title='bbox 796 4108 952 4177; x_wconf 85' lang='lat' dir='ltr'>November</span> <span class='ocrx_word' id='word_1_345' title='bbox 973 4107 1078 4175; x_wconf 83' lang='lat' dir='ltr'>r5o4h</span> <span class='ocrx_word' id='word_1_346' title='bbox 1558 4175 1563 4185; x_wconf 37' lang='lat'><strong>·</strong></span> 
     </span>
     <span class='ocr_line' id='line_1_39' title="bbox 238 4174 1611 4233; baseline -0.001 -4"><span class='ocrx_word' id='word_1_347' title='bbox 238 4194 268 4230; x_wconf 88' lang='lat' dir='ltr'>so</span> <span class='ocrx_word' id='word_1_348' title='bbox 288 4177 328 4231; x_wconf 88' lang='lat' dir='ltr'>oft</span> <span class='ocrx_word' id='word_1_349' title='bbox 351 4179 436 4233; x_wconf 83' lang='lat' dir='ltr'>sehon</span> <span class='ocrx_word' id='word_1_350' title='bbox 462 4179 587 4232; x_wconf 87' lang='lat' dir='ltr'>erbetene</span> <span class='ocrx_word' id='word_1_351' title='bbox 611 4178 664 4232; x_wconf 89' lang='lat' dir='ltr'>und</span> <span class='ocrx_word' id='word_1_352' title='bbox 683 4179 780 4232; x_wconf 84' lang='lat' dir='ltr'>bereits</span> <span class='ocrx_word' id='word_1_353' title='bbox 800 4196 853 4232; x_wconf 92' lang='lat' dir='ltr'>von</span> <span class='ocrx_word' id='word_1_354' title='bbox 872 4178 1023 4233; x_wconf 84' lang='lat' dir='ltr'>Alexander</span> <span class='ocrx_word' id='word_1_355' title='bbox 1037 4179 1082 4232; x_wconf 85' lang='lat' dir='ltr'>VI.</span> <span class='ocrx_word' id='word_1_356' title='bbox 1102 4178 1155 4231; x_wconf 93' lang='lat' dir='ltr'>und</span> <span class='ocrx_word' id='word_1_357' title='bbox 1174 4179 1235 4232; x_wconf 88' lang='lat' dir='ltr'>Pius</span> <span class='ocrx_word' id='word_1_358' title='bbox 1255 4179 1299 4233; x_wconf 84' lang='grc' dir='ltr'><strong>ΙΙΙ.</strong></span> <span class='ocrx_word' id='word_1_359' title='bbox 1319 4180 1345 4231; x_wconf 89' lang='lat' dir='ltr'>in</span> <span class='ocrx_word' id='word_1_360' title='bbox 1364 4178 1467 4232; x_wconf 89' lang='lat' dir='ltr'>sichere</span> <span class='ocrx_word' id='word_1_361' title='bbox 1485 4174 1611 4228; x_wconf 80' lang='lat' dir='ltr'>Aussrcht</span> 
     </span>
     <span class='ocr_line' id='line_1_40' title="bbox 238 4245 1611 4321; baseline -0.002 -20"><span class='ocrx_word' id='word_1_362' title='bbox 238 4248 362 4318; x_wconf 89' lang='lat' dir='ltr'>gestellte</span> <span class='ocrx_word' id='word_1_363' title='bbox 376 4250 511 4321; x_wconf 88' lang='lat' dir='ltr'>Dispense</span> <span class='ocrx_word' id='word_1_364' title='bbox 530 4250 601 4304; x_wconf 90' lang='lat' dir='ltr'>noch</span> <span class='ocrx_word' id='word_1_365' title='bbox 620 4251 716 4303; x_wconf 84' lang='lat' dir='ltr'>immet</span> <span class='ocrx_word' id='word_1_366' title='bbox 734 4250 807 4302; x_wconf 88' lang='lat' dir='ltr'>nicht</span> <span class='ocrx_word' id='word_1_367' title='bbox 825 4248 1000 4320; x_wconf 84' lang='lat' dir='ltr'>ausgefertigt</span> <span class='ocrx_word' id='word_1_368' title='bbox 1020 4250 1066 4316; x_wconf 90' lang='lat' dir='ltr'>sei,</span> <span class='ocrx_word' id='word_1_369' title='bbox 1086 4248 1139 4302; x_wconf 90' lang='lat' dir='ltr'>und</span> <span class='ocrx_word' id='word_1_370' title='bbox 1158 4249 1262 4302; x_wconf 87' lang='lat' dir='ltr'>schrieb</span> <span class='ocrx_word' id='word_1_371' title='bbox 1281 4249 1357 4302; x_wconf 87' lang='lat' dir='ltr'>dabei</span> <span class='ocrx_word' id='word_1_372' title='bbox 1376 4267 1400 4302; x_wconf 93' lang='lat' dir='ltr'>u.</span> <span class='ocrx_word' id='word_1_373' title='bbox 1416 4264 1438 4300; x_wconf 89' lang='lat' dir='ltr'>a.</span> <span class='ocrx_word' id='word_1_374' title='bbox 1457 4245 1611 4317; x_wconf 89' lang='lat' dir='ltr'>scripsimus</span> 
     </span>
     <span class='ocr_line' id='line_1_41' title="bbox 238 4316 1611 4391; baseline -0.001 -21"><span class='ocrx_word' id='word_1_375' title='bbox 238 4318 271 4371; x_wconf 89' lang='lat' dir='ltr'>ad</span> <span class='ocrx_word' id='word_1_376' title='bbox 285 4319 317 4373; x_wconf 89' lang='lat' dir='ltr'>V.</span> <span class='ocrx_word' id='word_1_377' title='bbox 333 4320 506 4375; x_wconf 86' lang='lat' dir='ltr'>Sanctitatem</span> <span class='ocrx_word' id='word_1_378' title='bbox 526 4337 575 4391; x_wconf 92' lang='lat' dir='ltr'>pro</span> <span class='ocrx_word' id='word_1_379' title='bbox 589 4321 646 4391; x_wconf 83' lang='lat' dir='ltr'>ipsa</span> <span class='ocrx_word' id='word_1_380' title='bbox 665 4320 862 4391; x_wconf 86' lang='lat' dir='ltr'>dispensatione</span> <span class='ocrx_word' id='word_1_381' title='bbox 877 4318 1020 4373; x_wconf 85' lang='lat' dir='ltr'>obtinenda</span> <span class='ocrx_word' id='word_1_382' title='bbox 1035 4319 1253 4391; x_wconf 87' lang='lat' dir='ltr'>ostendimusque</span> <span class='ocrx_word' id='word_1_383' title='bbox 1272 4329 1363 4373; x_wconf 82' lang='lat' dir='ltr'>nostra</span> <span class='ocrx_word' id='word_1_384' title='bbox 1381 4317 1512 4372; x_wconf 87' lang='lat' dir='ltr'>sententia</span> <span class='ocrx_word' id='word_1_385' title='bbox 1531 4316 1611 4370; x_wconf 87' lang='lat' dir='ltr'>ratio·</span> 
     </span>
     <span class='ocr_line' id='line_1_42' title="bbox 238 4388 1611 4463; baseline -0.002 -21"><span class='ocrx_word' id='word_1_386' title='bbox 238 4389 338 4444; x_wconf 84' lang='lat' dir='ltr'>nabiles</span> <span class='ocrx_word' id='word_1_387' title='bbox 358 4392 543 4463; x_wconf 89' lang='lat' dir='ltr'>legitimasque</span> <span class='ocrx_word' id='word_1_388' title='bbox 563 4400 590 4445; x_wconf 88' lang='lat' dir='ltr'>et</span> <span class='ocrx_word' id='word_1_389' title='bbox 608 4400 735 4462; x_wconf 88' lang='lat' dir='ltr'>urgentes</span> <span class='ocrx_word' id='word_1_390' title='bbox 760 4408 852 4444; x_wconf 85' lang='lat' dir='ltr'>causas</span> <span class='ocrx_word' id='word_1_391' title='bbox 871 4408 921 4444; x_wconf 91' lang='lat' dir='ltr'>nos</span> <span class='ocrx_word' id='word_1_392' title='bbox 941 4401 1082 4444; x_wconf 88' lang='lat' dir='ltr'>moventes</span> <span class='ocrx_word' id='word_1_393' title='bbox 1107 4389 1140 4443; x_wconf 89' lang='lat' dir='ltr'>ad</span> <span class='ocrx_word' id='word_1_394' title='bbox 1159 4389 1310 4444; x_wconf 88' lang='lat' dir='ltr'>huiusmodi</span> <span class='ocrx_word' id='word_1_395' title='bbox 1328 4388 1526 4443; x_wconf 87' lang='lat' dir='ltr'>matrimonium</span> <span class='ocrx_word' id='word_1_396' title='bbox 1546 4403 1611 4440; x_wconf 90' lang='lat' dir='ltr'>con·</span> 
     </span>
     <span class='ocr_line' id='line_1_43' title="bbox 238 4457 1612 4533; baseline -0.002 -21"><span class='ocrx_word' id='word_1_397' title='bbox 238 4460 395 4516; x_wconf 85' lang='lat' dir='ltr'>trahendum</span> <span class='ocrx_word' id='word_1_398' title='bbox 415 4472 440 4516; x_wconf 89' lang='lat' dir='ltr'>et</span> <span class='ocrx_word' id='word_1_399' title='bbox 460 4460 641 4516; x_wconf 88' lang='lat' dir='ltr'>renovandam</span> <span class='ocrx_word' id='word_1_400' title='bbox 661 4479 721 4515; x_wconf 90' lang='lat' dir='ltr'>cum</span> <span class='ocrx_word' id='word_1_401' title='bbox 741 4462 803 4533; x_wconf 91' lang='lat' dir='ltr'>ipsis</span> <span class='ocrx_word' id='word_1_402' title='bbox 823 4461 969 4515; x_wconf 90' lang='lat' dir='ltr'>Catholicis</span> <span class='ocrx_word' id='word_1_403' title='bbox 992 4461 1099 4531; x_wconf 89' lang='lat' dir='ltr'>regibus</span> <span class='ocrx_word' id='word_1_404' title='bbox 1119 4459 1282 4515; x_wconf 84' lang='lat' dir='ltr'>affinitatem.</span> <span class='ocrx_word' id='word_1_405' title='bbox 1319 4459 1388 4528; x_wconf 88' lang='lat' dir='ltr'>(Das</span> <span class='ocrx_word' id='word_1_406' title='bbox 1406 4458 1550 4512; x_wconf 87' lang='lat' dir='ltr'>Schreiben</span> <span class='ocrx_word' id='word_1_407' title='bbox 1569 4457 1612 4510; x_wconf 91' lang='lat' dir='ltr'>bei</span> 
     </span>
     <span class='ocr_line' id='line_1_44' title="bbox 238 4527 1610 4603; baseline -0.001 -21"><span class='ocrx_word' id='word_1_408' title='bbox 238 4529 352 4599; x_wconf 85' lang='lat' dir='ltr'>Poeocir,</span> <span class='ocrx_word' id='word_1_409' title='bbox 372 4533 404 4587; x_wconf 87' lang='lat'>11.</span> <span class='ocrx_word' id='word_1_410' title='bbox 423 4548 457 4599; x_wconf 84' lang='lat'>42</span> <span class='ocrx_word' id='word_1_411' title='bbox 478 4575 484 4586; x_wconf 93' lang='lat'>.</span> <span class='ocrx_word' id='word_1_412' title='bbox 522 4532 697 4603; x_wconf 78' lang='lat' dir='ltr'>bergenroth,</span> <span class='ocrx_word' id='word_1_413' title='bbox 717 4532 736 4586; x_wconf 90' lang='lat'>1.</span> <span class='ocrx_word' id='word_1_414' title='bbox 756 4550 781 4585; x_wconf 91' lang='lat' dir='ltr'>n.</span> <span class='ocrx_word' id='word_1_415' title='bbox 800 4534 875 4601; x_wconf 80' lang='lat'>414.)</span> <span class='ocrx_word' id='word_1_416' title='bbox 912 4532 1000 4585; x_wconf 90' lang='lat' dir='ltr'>Wenn</span> <span class='ocrx_word' id='word_1_417' title='bbox 1020 4533 1087 4585; x_wconf 87' lang='lat' dir='ltr'>auch</span> <span class='ocrx_word' id='word_1_418' title='bbox 1107 4532 1146 4584; x_wconf 90' lang='lat' dir='ltr'>bis</span> <span class='ocrx_word' id='word_1_419' title='bbox 1166 4531 1245 4585; x_wconf 88' lang='lat' dir='ltr'>dahin</span> <span class='ocrx_word' id='word_1_420' title='bbox 1264 4532 1340 4584; x_wconf 85' lang='lat' dir='ltr'>heine</span> <span class='ocrx_word' id='word_1_421' title='bbox 1359 4527 1529 4583; x_wconf 76' lang='lat' dir='ltr'>Peindschaft</span> <span class='ocrx_word' id='word_1_422' title='bbox 1547 4528 1610 4581; x_wconf 82' lang='lat' dir='ltr'>zwi-</span> 
     </span>
     <span class='ocr_line' id='line_1_45' title="bbox 239 4598 1611 4675; baseline -0.001 -22"><span class='ocrx_word' id='word_1_423' title='bbox 239 4603 322 4657; x_wconf 89' lang='lat' dir='ltr'>schen</span> <span class='ocrx_word' id='word_1_424' title='bbox 341 4604 444 4675; x_wconf 83' lang='lat' dir='ltr'>Englan</span> <span class='ocrx_word' id='word_1_425' title='bbox 482 4603 535 4657; x_wconf 93' lang='lat' dir='ltr'>und</span> <span class='ocrx_word' id='word_1_426' title='bbox 554 4604 669 4674; x_wconf 88' lang='lat' dir='ltr'>Spanien</span> <span class='ocrx_word' id='word_1_427' title='bbox 688 4604 807 4670; x_wconf 88' lang='lat' dir='ltr'>bestand,</span> <span class='ocrx_word' id='word_1_428' title='bbox 835 4602 933 4673; x_wconf 88' lang='lat' dir='ltr'>gerade</span> <span class='ocrx_word' id='word_1_429' title='bbox 953 4602 999 4655; x_wconf 90' lang='lat' dir='ltr'>der</span> <span class='ocrx_word' id='word_1_430' title='bbox 1017 4603 1041 4655; x_wconf 88' lang='lat' dir='ltr'>T</span> <span class='ocrx_word' id='word_1_431' title='bbox 1043 4602 1079 4656; x_wconf 93' lang='lat' dir='ltr'>od</span> <span class='ocrx_word' id='word_1_432' title='bbox 1097 4602 1209 4656; x_wconf 82' lang='lat' dir='ltr'>Arthurs</span> <span class='ocrx_word' id='word_1_433' title='bbox 1228 4602 1336 4656; x_wconf 87' lang='lat' dir='ltr'>brachte</span> <span class='ocrx_word' id='word_1_434' title='bbox 1356 4617 1387 4654; x_wconf 90' lang='lat' dir='ltr'>so</span> <span class='ocrx_word' id='word_1_435' title='bbox 1406 4616 1475 4653; x_wconf 89' lang='lat' dir='ltr'>unan</span> <span class='ocrx_word' id='word_1_436' title='bbox 1497 4598 1611 4652; x_wconf 90' lang='lat' dir='ltr'>enehme</span> 
     </span>
     <span class='ocr_line' id='line_1_46' title="bbox 239 4669 1612 4745; baseline -0.002 -20"><span class='ocrx_word' id='word_1_437' title='bbox 239 4671 350 4745; x_wconf 87' lang='lat' dir='ltr'>Fragen,</span> <span class='ocrx_word' id='word_1_438' title='bbox 368 4675 593 4744; x_wconf 78' lang='lat' dir='ltr'>Ruckerstattung</span> <span class='ocrx_word' id='word_1_439' title='bbox 611 4673 658 4727; x_wconf 89' lang='lat' dir='ltr'>der</span> <span class='ocrx_word' id='word_1_440' title='bbox 676 4674 784 4744; x_wconf 88' lang='lat' dir='ltr'>Mitgitt,</span> <span class='ocrx_word' id='word_1_441' title='bbox 798 4674 1085 4743; x_wconf 86' lang='lat' dir='ltr'>Witwenausstattung</span> <span class='ocrx_word' id='word_1_442' title='bbox 1104 4691 1128 4726; x_wconf 92' lang='lat' dir='ltr'>u.</span> <span class='ocrx_word' id='word_1_443' title='bbox 1149 4690 1168 4727; x_wconf 77' lang='lat'>5.</span> <span class='ocrx_word' id='word_1_444' title='bbox 1189 4691 1223 4725; x_wconf 86' lang='lat' dir='ltr'>w.</span> <span class='ocrx_word' id='word_1_445' title='bbox 1243 4673 1269 4725; x_wconf 90' lang='lat' dir='ltr'>in</span> <span class='ocrx_word' id='word_1_446' title='bbox 1288 4673 1445 4743; x_wconf 81' lang='lat' dir='ltr'>Auregung,</span> <span class='ocrx_word' id='word_1_447' title='bbox 1498 4669 1521 4723; x_wconf 82' lang='lat' dir='ltr'>ss</span> <span class='ocrx_word' id='word_1_448' title='bbox 1539 4669 1612 4723; x_wconf 90' lang='lat' dir='ltr'>ohne</span> 
     </span>
    </p>
   </div>
   <div class='ocr_carea' id='block_1_7' title="bbox 399 4034 1611 4179">
    <p class='ocr_par' dir='ltr' id='par_1_11' title="bbox 399 4034 1611 4179">
     <span class='ocr_line' id='line_1_47' title="bbox 399 4034 1611 4160; baseline -0.004 -69"><span class='ocrx_word' id='word_1_449' title='bbox 399 4037 499 4091; x_wconf 87' lang='lat' dir='ltr'>einrich</span> <span class='ocrx_word' id='word_1_450' title='bbox 513 4038 570 4092; x_wconf 88' lang='lat' dir='ltr'>VII.</span> <span class='ocrx_word' id='word_1_451' title='bbox 590 4038 663 4092; x_wconf 86' lang='lat' dir='ltr'>hatte</span> <span class='ocrx_word' id='word_1_452' title='bbox 687 4038 782 4091; x_wconf 89' lang='lat' dir='ltr'>auders</span> <span class='ocrx_word' id='word_1_453' title='bbox 801 4038 865 4091; x_wconf 78' lang='lat' dir='ltr'>taber</span> <span class='ocrx_word' id='word_1_454' title='bbox 884 4037 926 4090; x_wconf 91' lang='lat' dir='ltr'>die</span> <span class='ocrx_word' id='word_1_455' title='bbox 945 4036 1054 4091; x_wconf 78' lang='lat' dir='ltr'>Gritnde</span> <span class='ocrx_word' id='word_1_456' title='bbox 1079 4037 1216 4160; x_wconf 77' lang='lat' dir='ltr'>geurteilt,</span> <span class='ocrx_word' id='word_1_457' title='bbox 1240 4038 1282 4090; x_wconf 91' lang='lat' dir='ltr'>die</span> <span class='ocrx_word' id='word_1_458' title='bbox 1302 4036 1341 4090; x_wconf 82' lang='lat' dir='ltr'>tirr</span> <span class='ocrx_word' id='word_1_459' title='bbox 1360 4036 1402 4089; x_wconf 91' lang='lat' dir='ltr'>die</span> <span class='ocrx_word' id='word_1_460' title='bbox 1422 4034 1611 4112; x_wconf 78' lang='lat' dir='ltr'>Dispensation</span> 
     </span>
     <span class='ocr_line' id='line_1_48' title="bbox 1089 4103 1611 4179; baseline -0.01 -18"><span class='ocrx_word' id='word_1_461' title='bbox 1089 4117 1152 4179; x_wconf 88' lang='lat' dir='ltr'>agte</span> <span class='ocrx_word' id='word_1_462' title='bbox 1171 4125 1199 4161; x_wconf 92' lang='lat' dir='ltr'>er</span> <span class='ocrx_word' id='word_1_463' title='bbox 1219 4108 1260 4161; x_wconf 89' lang='lat' dir='ltr'>bei</span> <span class='ocrx_word' id='word_1_464' title='bbox 1279 4108 1307 4162; x_wconf 87' lang='lat' dir='ltr'>P.</span> <span class='ocrx_word' id='word_1_465' title='bbox 1327 4107 1410 4178; x_wconf 88' lang='lat' dir='ltr'>Julius</span> <span class='ocrx_word' id='word_1_466' title='bbox 1429 4106 1470 4172; x_wconf 70' lang='lat'>11,</span> <span class='ocrx_word' id='word_1_467' title='bbox 1494 4105 1550 4158; x_wconf 90' lang='lat' dir='ltr'>dats</span> <span class='ocrx_word' id='word_1_468' title='bbox 1569 4103 1611 4157; x_wconf 90' lang='lat' dir='ltr'>die</span> 
     </span>
    </p>
   </div>
   <div class='ocr_carea' id='block_1_8' title="bbox 239 4739 1722 4815">
    <p class='ocr_par' dir='ltr' id='par_1_12' title="bbox 239 4739 1722 4815">
     <span class='ocr_line' id='line_1_49' title="bbox 239 4739 1722 4815; baseline -0.001 -19"><span class='ocrx_word' id='word_1_469' title='bbox 239 4743 290 4797; x_wconf 86' lang='lat' dir='ltr'>den</span> <span class='ocrx_word' id='word_1_470' title='bbox 309 4762 397 4799; x_wconf 90' lang='lat' dir='ltr'>neuen</span> <span class='ocrx_word' id='word_1_471' title='bbox 416 4745 581 4815; x_wconf 83' lang='lat' dir='ltr'>Ehevertrag</span> <span class='ocrx_word' id='word_1_472' title='bbox 600 4745 678 4799; x_wconf 89' lang='lat' dir='ltr'>leicht</span> <span class='ocrx_word' id='word_1_473' title='bbox 698 4743 788 4815; x_wconf 86' lang='lat' dir='ltr'>grosse</span> <span class='ocrx_word' id='word_1_474' title='bbox 803 4743 1029 4798; x_wconf 82' lang='lat' dir='ltr'>Unfreundschafr</span> <span class='ocrx_word' id='word_1_475' title='bbox 1048 4743 1121 4797; x_wconf 78' lang='lat' dir='ltr'>hatte</span> <span class='ocrx_word' id='word_1_476' title='bbox 1136 4743 1276 4796; x_wconf 88' lang='lat' dir='ltr'>entstehen</span> <span class='ocrx_word' id='word_1_477' title='bbox 1289 4743 1404 4796; x_wconf 81' lang='lat' dir='ltr'>konnen.</span> <span class='ocrx_word' id='word_1_478' title='bbox 1436 4739 1528 4811; x_wconf 87' lang='lat' dir='ltr'>Vergl.</span> <span class='ocrx_word' id='word_1_479' title='bbox 1548 4739 1611 4794; x_wconf 88' lang='lat' dir='ltr'>Ber·</span> <span class='ocrx_word' id='word_1_480' title='bbox 1715 4754 1722 4771; x_wconf 88' lang='lat'><strong><em>¹</em></strong></span> 
     </span>
    </p>
   </div>
   <div class='ocr_carea' id='block_1_9' title="bbox 239 4810 1611 5030">
    <p class='ocr_par' dir='ltr' id='par_1_13' title="bbox 239 4810 1611 5030">
     <span class='ocr_line' id='line_1_50' title="bbox 239 4810 1611 4938; baseline -0.001 -71"><span class='ocrx_word' id='word_1_481' title='bbox 239 4816 367 4885; x_wconf 90' lang='lat' dir='ltr'>genroth,</span> <span class='ocrx_word' id='word_1_482' title='bbox 395 4817 413 4869; x_wconf 89' lang='lat'>1.</span> <span class='ocrx_word' id='word_1_483' title='bbox 438 4835 463 4869; x_wconf 92' lang='lat' dir='ltr'>n.</span> <span class='ocrx_word' id='word_1_484' title='bbox 486 4830 542 4884; x_wconf 82' lang='lat'>325,</span> <span class='ocrx_word' id='word_1_485' title='bbox 565 4829 622 4938; x_wconf 45' lang='lat' dir='ltr'>pp&lt;</span> <span class='ocrx_word' id='word_1_486' title='bbox 645 4829 691 4884; x_wconf 81' lang='lat'>343</span> <span class='ocrx_word' id='word_1_487' title='bbox 713 4833 736 4868; x_wconf 93' lang='lat' dir='ltr'>u.</span> <span class='ocrx_word' id='word_1_488' title='bbox 761 4832 782 4868; x_wconf 90' lang='lat' dir='ltr'>s.</span> <span class='ocrx_word' id='word_1_489' title='bbox 802 4834 837 4869; x_wconf 85' lang='lat' dir='ltr'>w.</span> <span class='ocrx_word' id='word_1_490' title='bbox 873 4813 1018 4886; x_wconf 89' lang='lat' dir='ltr'>Jedenfalls</span> <span class='ocrx_word' id='word_1_491' title='bbox 1037 4830 1127 4867; x_wconf 83' lang='lat' dir='ltr'>waren</span> <span class='ocrx_word' id='word_1_492' title='bbox 1152 4812 1195 4866; x_wconf 89' lang='lat' dir='ltr'>die</span> <span class='ocrx_word' id='word_1_493' title='bbox 1214 4813 1322 4868; x_wconf 80' lang='lat' dir='ltr'>Grunde</span> <span class='ocrx_word' id='word_1_494' title='bbox 1348 4811 1388 4866; x_wconf 74' lang='lat' dir='ltr'>tur</span> <span class='ocrx_word' id='word_1_495' title='bbox 1413 4811 1455 4865; x_wconf 90' lang='lat' dir='ltr'>die</span> <span class='ocrx_word' id='word_1_496' title='bbox 1479 4810 1611 4893; x_wconf 85' lang='lat' dir='ltr'>Dispense</span> 
     </span>
     <span class='ocr_line' id='line_1_51' title="bbox 239 4881 1611 4958; baseline 0 -21"><span class='ocrx_word' id='word_1_497' title='bbox 239 4885 373 4941; x_wconf 83' lang='lat' dir='ltr'>zwischen</span> <span class='ocrx_word' id='word_1_498' title='bbox 387 4886 513 4941; x_wconf 89' lang='lat' dir='ltr'>Heinrich</span> <span class='ocrx_word' id='word_1_499' title='bbox 531 4885 585 4939; x_wconf 89' lang='lat' dir='ltr'>und</span> <span class='ocrx_word' id='word_1_500' title='bbox 622 4885 740 4939; x_wconf 86' lang='lat' dir='ltr'>atharina</span> <span class='ocrx_word' id='word_1_501' title='bbox 759 4902 827 4956; x_wconf 83' lang='lat' dir='ltr'>ganz</span> <span class='ocrx_word' id='word_1_502' title='bbox 846 4884 971 4957; x_wconf 86' lang='lat' dir='ltr'>ungleich</span> <span class='ocrx_word' id='word_1_503' title='bbox 984 4884 1036 4938; x_wconf 89' lang='lat' dir='ltr'>viel</span> <span class='ocrx_word' id='word_1_504' title='bbox 1055 4883 1163 4954; x_wconf 89' lang='lat' dir='ltr'>legaler,</span> <span class='ocrx_word' id='word_1_505' title='bbox 1182 4884 1221 4939; x_wconf 87' lang='lat' dir='ltr'>als</span> <span class='ocrx_word' id='word_1_506' title='bbox 1236 4883 1276 4939; x_wconf 71' lang='lat' dir='ltr'>liu</span> <span class='ocrx_word' id='word_1_507' title='bbox 1290 4882 1333 4937; x_wconf 90' lang='lat' dir='ltr'>die</span> <span class='ocrx_word' id='word_1_508' title='bbox 1352 4888 1457 4958; x_wconf 72' lang='lat' dir='ltr'>spatere</span> <span class='ocrx_word' id='word_1_509' title='bbox 1477 4881 1611 4937; x_wconf 88' lang='lat' dir='ltr'>zwrschen</span> 
     </span>
     <span class='ocr_line' id='line_1_52' title="bbox 240 4955 663 5030; baseline 0.005 -21"><span class='ocrx_word' id='word_1_510' title='bbox 240 4956 364 5012; x_wconf 87' lang='lat' dir='ltr'>Heinrich</span> <span class='ocrx_word' id='word_1_511' title='bbox 384 4958 436 5013; x_wconf 91' lang='lat' dir='ltr'>und</span> <span class='ocrx_word' id='word_1_512' title='bbox 455 4957 532 5011; x_wconf 75' lang='lat' dir='ltr'>Anna</span> <span class='ocrx_word' id='word_1_513' title='bbox 551 4955 663 5030; x_wconf 76' lang='lat' dir='ltr'>Roleyn.</span> 
     </span>
    </p>
   </div>
   <div class='ocr_carea' id='block_1_10' title="bbox 0 0 1933 5580">
    <p class='ocr_par' dir='ltr' id='par_1_14' title="bbox 0 0 1933 5580">
     <span class='ocr_line' id='line_1_53' title="bbox 0 0 1933 5580; baseline 0 0"><span class='ocrx_word' id='word_1_514' title='bbox 0 0 1933 5580; x_wconf 95' lang='lat' dir='ltr'> </span> 
     </span>
    </p>
   </div>
  </div>
 </body>
</html>
