3802 5606
235 338 353 392 Diarium
374 338 452 393 Blasii
472 338 504 391 de
524 338 637 393 Cesena.
1544 326 1605 387 227

340 498 402 565 Die
432 498 578 565 mercurii
603 498 754 566 XXVIII.
778 496 923 566 februarii
951 519 986 585 15
993 518 1043 585 52.
1091 498 1326 566 consistorium
1351 498 1383 564 in
1407 497 1469 564 sala
1493 521 1609 585 magna

234 604 389 687 inferiori,
421 604 453 671 iu
481 626 545 693 quo
578 604 722 673 advocati
755 606 839 693 regis
869 603 1003 692 Angliae
1037 624 1067 673 et
1098 605 1226 692 reginae
1256 603 1453 692 disputarunt
1485 603 1608 692 publice

235 732 346 778 eorum
371 709 595 778 conclusiones
617 734 710 799 super
734 735 785 792 eo,
809 709 896 800 quod
919 734 974 778 rex
999 711 1109 778 citatus
1132 709 1171 777 ad
1191 711 1372 778 instantiam
1390 710 1517 797 reginae
1541 733 1609 777 non

234 828 360 884 tenetur
382 838 568 904 comparere
591 828 721 904 propter
743 816 918 904 periculum
943 835 973 884 et
997 815 1263 905 impedimentum
1281 839 1436 903 personae
1460 827 1492 895 et
1505 818 1608 904 regni,

234 920 383 1012 quodque
408 934 573 990 excusator
595 934 756 1012 tamquam
781 946 863 990 unus
887 921 926 989 de
945 923 1066 1010 populo
1091 921 1208 1011 absque
1231 921 1357 1010 speciali
1380 920 1531 990 mandato
1555 921 1609 989 de·

233 1027 303 1095 beat
327 1028 450 1096 admitti
472 1027 511 1096 ad
529 1027 742 1096 excusandum
760 1051 880 1117 regem.
920 1029 1020 1117 Super
1038 1028 1085 1095 his
1102 1029 1268 1116 proposuit
1291 1040 1323 1096 et
1345 1026 1490 1125 allegavit
1505 1028 1607 1096 Dnus.

234 1134 456 1222 Sigismundus
483 1135 588 1224 primo
617 1157 676 1223 pro
704 1147 792 1223 parte
821 1136 919 1223 regis,
947 1135 1050 1202 Dnus.
1074 1134 1233 1202 Iohannes
1256 1134 1407 1224 Aloysius
1437 1134 1608 1203 advocatus

233 1242 362 1330 reginae
385 1240 559 1329 respondit,
585 1253 616 1309 et
638 1241 711 1310 inde
735 1240 785 1309 alii
810 1240 996 1324 hincinde,
1020 1240 1076 1309 sed
1100 1243 1278 1328 incongrue
1302 1253 1333 1309 et
1357 1242 1607 1329 impertinenter,

234 1347 350 1438 absque
379 1347 437 1416 ulla
466 1348 632 1436 gravitate,
663 1347 718 1415 sed
749 1348 883 1438 quadam
915 1346 1077 1436 garrulosa
1108 1348 1317 1415 contentione
1348 1359 1379 1415 et
1407 1347 1606 1415 confusione.

233 1455 315 1542 Papa
339 1465 371 1521 et
393 1452 564 1522 cardinales
588 1453 670 1523 male
694 1455 837 1523 contenti
862 1467 893 1522 et
916 1452 1064 1522 satisfacti
1088 1453 1127 1521 de
1152 1454 1197 1521 eis
1220 1465 1450 1522 remanserunt.

338 1560 399 1627 Die
429 1561 577 1629 mercurii
601 1560 656 1627 VI.
685 1561 788 1628 martii
821 1581 903 1647 1532
932 1558 991 1628 11111
1021 1560 1247 1628 consistorium
1278 1561 1309 1626 in
1342 1558 1404 1627 sala
1433 1559 1609 1647 supradicta

233 1689 363 1754 magna,
393 1666 444 1733 ubi
468 1665 525 1733 alia
553 1666 722 1755 disputatio
746 1668 828 1735 inter
851 1665 1022 1734 advocatos
1053 1666 1137 1754 regis
1161 1684 1192 1734 et
1220 1666 1348 1753 reginae
1371 1665 1550 1754 Anglorum
1574 1667 1608 1734 in

234 1784 406 1862 conspectu
440 1772 542 1861 Papae
576 1785 607 1841 et
639 1771 858 1855 cardinalium,
892 1773 986 1840 etiam
1020 1771 1236 1860 praesentibus
1268 1769 1462 1839 auditoribus
1495 1772 1608 1856 Rotae,

234 1879 340 1947 multis
364 1878 518 1967 praelatis,
541 1877 702 1947 advocatis
726 1892 757 1947 et
780 1878 1036 1967 procuratoribus
1058 1879 1172 1948 Curiae
1196 1898 1227 1946 et
1250 1879 1324 1946 viris
1348 1900 1443 1968 quam
1466 1877 1609 1967 plurimis

233 1986 335 2054 doctis
358 1984 397 2053 ad
421 1984 623 2053 audiendum.
671 1985 722 2052 Sic
746 1986 831 2053 enim
856 1984 957 2053 voluit
980 1984 1062 2073 Papa
1091 2007 1207 2052 omnes
1235 1982 1357 2052 admitti
1386 1996 1417 2052 et
1444 1985 1608 2066 interesse,

233 2092 289 2161 sed
312 2116 422 2181 parum
446 2089 665 2160 satisfecerunt
687 2092 804 2181 Papae,
829 2090 1035 2159 cardinalibus
1066 2105 1097 2159 et
1119 2090 1185 2159 aliis
1208 2089 1403 2178 supradictis.
1451 2089 1489 2180 (1.
1514 2090 1607 2181 220.)

337 2199 399 2265 [)10
424 2198 570 2266 mercurii
594 2198 680 2265 XIII.
698 2199 801 2265 martii
823 2218 857 2284 15
864 2217 904 2285 52
929 2198 1156 2266 consistorium
1179 2210 1348 2279 secretum,
1372 2198 1404 2265 in
1422 2220 1486 2287 quo
1510 2196 1607 2266 auditi

233 2305 359 2373 fuerunt
387 2304 531 2372 advocati
560 2306 643 2392 regis
671 2317 702 2372 et
725 2306 853 2393 reginae
877 2305 1056 2392 Anglorum
1087 2327 1180 2393 super
1205 2326 1317 2371 eorum
1345 2302 1608 2392 disputationibus

233 2436 288 2479 seu
305 2413 411 2500 potius
427 2410 688 2479 contentionibus
703 2411 754 2479 vel
770 2412 1006 2494 controversiis,
1028 2412 1122 2479 etiam
1140 2408 1398 2479 interessentibus
1414 2410 1608 2479 auditoribus

183 2506 189 2515 ⁴
234 2519 334 2587 Rotae
359 2531 392 2586 111
415 2540 523 2606 supra,
547 2516 697 2585 omnibus
720 2515 785 2585 fere
809 2516 952 2606 praelatis
982 2531 1013 2586 et
1042 2518 1117 2585 iuris
1146 2518 1252 2606 peritis
1277 2518 1401 2586 Curiae.
1449 2516 1488 2606 (1.
1513 2517 1606 2607 221.)

338 2624 399 2691 [)10
423 2624 570 2691 mercurii
592 2624 667 2690 XX.
686 2625 788 2692 martii
812 2624 870 2692 fuit
886 2625 1111 2692 consistorium
1136 2636 1294 2692 secretum
1317 2625 1349 2691 in
1374 2622 1442 2691 aula
1465 2622 1607 2692 inferiori

233 2753 359 2819 magna,
383 2729 422 2796 de
446 2753 506 2818 qua
530 2752 638 2817 supra;
671 2728 814 2798 advocati
839 2731 922 2818 regis
947 2742 978 2798 et
1001 2731 1129 2818 reginae
1152 2729 1333 2817 Anglorum
1359 2730 1390 2796 in
1415 2730 1478 2797 suis
1502 2729 1608 2817 dispu-

233 2834 403 2904 tationibus
426 2834 553 2903 fuerunt
576 2834 672 2903 auditi
696 2859 787 2903 more
811 2836 916 2904 solit0.
964 2835 1002 2925 (f.
1028 2834 1121 2926 225.)

338 2943 400 3010 Ι)10
423 2942 572 3009 mercurii
595 2942 636 3009 X.
660 2942 764 3031 aprilis
792 2962 874 3030 1552
899 2943 1125 3011 consistorium
1148 2954 1317 3025 secretum,
1348 2943 1379 3009 in
1404 2965 1468 3031 quo
1493 2941 1607 3010 doctor

235 3073 315 3117 unus
340 3049 553 3116 Bononiensis
577 3071 635 3138 pro
659 3071 735 3137 rege
759 3048 893 3138 Angliae
915 3061 1026 3116 contra
1048 3049 1190 3137 reginam
1217 3051 1248 3117 in
1274 3072 1365 3117 causa
1388 3047 1606 3116 dissolutionis

235 3155 428 3223 matrimonii
452 3154 574 3243 publice
598 3156 705 3244 posuit
729 3174 760 3223 et
782 3155 864 3225 bene
887 3179 921 3222 se
946 3154 1063 3224 habuit.

338 3261 400 3329 Die
424 3262 570 3329 mercurii
593 3261 697 3330 XVII.
721 3261 824 3350 aprilis
848 3263 1074 3330 consistorium
1098 3261 1210 3344 simile,
1234 3263 1267 3328 in
1290 3285 1355 3351 quo
1378 3264 1460 3329 inter
1484 3274 1606 3329 caetera

233 3366 319 3434 idem
347 3366 462 3435 doctor
491 3368 704 3435 Bononiensis
732 3390 790 3455 pro
814 3390 890 3455 rege
913 3366 1046 3456 Angliae
1074 3369 1240 3457 proposuit
1263 3385 1374 3435 contra
1402 3365 1536 3435 eandem
1559 3390 1607 3434 re·

233 3474 351 3562 ginam.
398 3472 437 3562 (1.
463 3472 576 3563 227.)1

338 3580 401 3647 [)10
430 3580 577 3647 mercurii
608 3579 731 3647 XXIV.
764 3578 868 3668 aprilis
900 3601 913 3646 1
920 3600 935 3664 5
942 3599 982 3666 52
1013 3579 1240 3646 consistorium
1272 3589 1445 3660 secretum,
1478 3580 1510 3645 in
1540 3602 1606 3668 quo

233 3686 315 3754 inter
346 3698 467 3755 caetera
498 3684 728 3774 disputationes
759 3708 853 3774 super
886 3686 1093 3754 matrimonio
1125 3686 1209 3773 regis
1241 3697 1272 3753 et
1302 3686 1431 3773 reginae
1461 3684 1605 3773 Angliae.

234 3791 390 3882 (1221)

339 3899 401 3965 Die
428 3899 576 3967 mercurii
603 3898 660 3966 IX.
690 3898 754 3966 iulii
782 3897 945 3986 15551011
976 3900 1203 3967 consistorium
1232 3909 1389 3967 secretum
1422 3921 1516 3987 super
1545 3898 1607 3966 dis·

234 4004 381 4071 cussione
397 4006 593 4073 matrimonii
615 4005 699 4092 regis
717 4003 851 4093 Angliae
875 4016 985 4072 contra
1000 4007 1144 4094 reginam
1168 4028 1226 4094 pro
1244 4004 1463 4087 dissolutione,
1488 4016 1519 4072 et
1534 4003 1607 4074 licet

234 4109 349 4197 pluries
377 4112 409 4177 in
433 4110 527 4177 simili
550 4111 743 4178 consistorio
767 4122 870 4199 partes
898 4108 1015 4179 fuerint
1036 4109 1159 4179 auditae
1183 4124 1214 4179 et
1238 4112 1367 4179 materia
1391 4133 1500 4178 coram
1524 4111 1607 4199 Papa

235 4227 266 4282 et
288 4215 494 4284 cardinalibus
517 4217 680 4299 ventilata,
708 4230 816 4285 tamen
841 4217 995 4299 maxime,
1023 4219 1095 4305 quia
1123 4218 1175 4285 lite
1200 4216 1382 4285 huiusmodi
1405 4218 1438 4284 in
1461 4218 1608 4285 Romana

235 4322 318 4388 curia
341 4323 436 4389 etiam
459 4324 491 4390 in
515 4323 673 4391 auditorio
690 4325 791 4392 Rotae
815 4346 923 4390 coram
940 4323 1062 4393 Revdo.
1087 4323 1174 4390 Dn0.
1191 4323 1289 4391 Paulo
1307 4322 1506 4411 Capisuccho
1530 4346 1607 4411 pen·

234 4425 329 4495 dente
352 4450 407 4495 rex
422 4430 556 4517 Angliae
579 4428 671 4497 aliam
695 4452 783 4496 suam
801 4429 1011 4497 concubinam
1036 4431 1068 4496 in
1092 4452 1225 4497 uxorem
1249 4427 1397 4518 publicari
1416 4427 1551 4496 voluerit
1573 4429 1605 4496 in

234 4556 443 4564 -mw-——ae

340 4629 349 4660 ¹
367 4622 464 4677 Dieser
475 4623 598 4678 Advolat
617 4640 664 4677 aus
677 4623 800 4695 Bologna
818 4624 852 4677 ist
865 4623 1005 4678 Girolamo
1018 4622 1175 4690 Previdello,
1195 4623 1258 4677 dem
1270 4623 1339 4676 auch
1357 4623 1383 4675 in
1399 4621 1450 4675 den
1460 4620 1606 4677 Schreiben

234 4690 280 4747 der
302 4692 455 4764 Englander
478 4711 541 4748 vom
569 4709 610 4767 29.
635 4693 710 4764 April
733 4709 797 4764 1552
818 4694 968 4763 (Gairdner,
987 4695 1021 4749 V.
1045 4712 1071 4749 n.
1095 4695 1185 4817 9p1l2)
1209 4691 1313 4764 grosses
1337 4691 1396 4746 Lob
1421 4692 1508 4746 0110111
1530 4693 1606 4752 wird.

234 4763 327 4818 811101
346 4764 421 4818 erbot
440 4781 469 4818 er
487 4765 552 4832 sich,
571 4766 639 4819 auch
658 4765 701 4818 die
719 4765 776 4820 Ehe
795 4765 936 4819 HeInrichs
955 4766 1002 4819 mit
1015 4765 1093 4819 Anna
1134 4763 1215 4835 oleyn
1234 4781 1266 4816 zu
1285 4762 1458 4833 verteidigen.
1490 4763 1605 4830 Pocock‚

234 4781 342 4903 1I508.
377 4835 459 4889 Sonst
476 4836 511 4889 ist
523 4836 610 4890 nichts
629 4853 683 4890 von
702 4835 758 4889 ihm
776 4835 898 4891 bekannt.
935 4837 971 4890 Er
984 4853 1041 4889 war
1059 4836 1113 4889 ub'
1135 4851 1184 4888 ens
1202 4833 1249 4888 der
1263 4834 1366 4904 eiuzige
1384 4849 1438 4887 von
1452 4833 1505 4887 den
1518 4834 1605 4889 vIelen

234 4904 259 4957 in
277 4905 404 4959 Aussicht
426 4922 628 4976 genommenen
652 4905 870 4972 Rechtslehrem,
894 4906 1018 4961 welchen
1042 4905 1084 4960 die
1130 4903 1260 4975 nglander
1285 4921 1331 4958 zur
1348 4903 1513 4975 Vertretung
1536 4905 1606 4959 ihrer

234 4974 319 5029 Sache
337 4976 364 5029 iu
382 4976 453 5030 Rom
473 4976 526 5031 und
544 4993 593 5031 vor
611 4977 673 5032 dem
691 4976 889 5031 Konsistorium
909 4978 1053 5048 gewinnen
1072 4975 1198 5031 10011100.
1231 4976 1305 5029 State
1324 4974 1423 5047 Papers
1437 4974 1496 5030 VII.
1514 4975 1571 5045 368.

1413 5081 1450 5126 lt·
