3836 5598
1442 289 1563 357 Olttoher
1584 306 1659 371 1531.

392 458 467 520 recht
479 456 603 536 ztghafte
616 460 770 534 Stimmung
782 454 922 517 lleinrichs
935 455 1007 517 Vlil.
1020 456 1103 533 vergi.
1119 454 1286 529 Friedmann,
1300 458 1320 515 1.
1337 477 1393 532 130.
1424 460 1471 516 Bei
1484 462 1535 516 den
1546 461 1658 518 Worten

392 551 585 624 procedendosi
605 568 651 623 per
670 550 835 606 contradetta
854 551 899 605 hat
918 569 980 604 man
999 567 1032 605 an
1047 551 1089 604 die
1107 550 1238 605 audientia
1258 550 1479 606 contradictarum
1498 569 1529 605 zu
1546 552 1658 621 deuiam,

392 658 445 696 von
464 640 582 695 welcher
606 641 677 693 oben
702 639 727 694 S.
749 654 790 709 23,
815 638 894 694 Anna.
919 654 927 692 1
950 639 993 692 die
1012 638 1086 693 Rede
1105 656 1169 693 war.
1201 639 1262 693 Von
1281 639 1328 694 der
1347 639 1579 712 diesbeznglichen
1594 640 1658 695 For·

391 730 493 799 derung
512 728 558 782 der
577 728 759 782 Kaiserlichen
777 728 876 799 spricht
896 727 963 781 auch
981 728 1004 799 J.
1024 727 1131 782 Salviati
1151 729 1176 781 in
1196 729 1284 782 einem
1304 728 1448 783 Schreiben
1467 746 1531 782 vom
1553 745 1592 798 ¹3·
1606 728 1659 801 Juli

391 818 448 887 (xl.
470 834 492 886 7.
513 819 564 885 26.,
584 814 601 871 f.
624 820 661 887 3):
687 817 785 879 Questi
803 816 909 886 Signori
928 816 1037 870 Cesarei
1056 818 1161 870 instano
1180 834 1227 887 per
1246 817 1327 870 havet
1346 818 1369 871 la
1389 819 1588 884 commissione,
1608 819 1658 872 che

390 908 412 959 si
431 905 547 977 proceda
565 922 619 959 non
638 906 804 959 obstantibus
823 904 902 971 feriis,
922 905 947 957 di
967 905 1017 959 che
1036 904 1088 958 Sua
1108 904 1273 959 beatitudine
1292 906 1325 959 ha
1345 906 1419 960 detto
1438 907 1488 960 che
1507 907 1529 959 si
1548 906 1612 978 parii
1632 908 1658 960 in

389 995 532 1067 signatura,
551 993 684 1048 ancorche
703 994 724 1046 si
744 995 828 1065 pensi,
854 994 904 1048 che
923 994 983 1065 quel
1003 993 1105 1050 Semro.
1126 1010 1154 1047 re
1173 993 1245 1048 haria
1269 996 1336 1048 iusta
1355 1012 1433 1049 causa
1452 994 1477 1048 di
1496 994 1606 1062 dolersi,
1628 1012 1658 1049 se

389 1086 411 1136 si
436 1083 608 1138 concedesse.
634 1115 666 1121 —
686 1083 748 1136 Von
773 1083 847 1136 einer
871 1081 1052 1136 schriftlichen
1076 1082 1201 1136 Antwort
1227 1083 1273 1136 des
1298 1083 1404 1136 Kaisers
1430 1102 1463 1137 an
1487 1082 1658 1155 Campeggio

389 1174 488 1243 spricht
512 1171 559 1225 der
581 1171 690 1225 letztere
716 1169 784 1224 auch
807 1188 841 1224 an
860 1170 1070 1225 verschiedenen
1094 1170 1193 1225 anderu
1217 1171 1331 1237 Stellen3
1359 1173 1430 1226 doch
1454 1172 1522 1226 habe
1544 1172 1588 1226 ich
1611 1172 1657 1227 das

389 1259 562 1314 Schriftstuck
581 1259 655 1313 nicht
674 1257 808 1313 auffinden
827 1259 942 1314 konnen.

927 1491 1016 1574 104.

371 1651 551 1720 Clemens
570 1648 640 1717 VH.
665 1672 704 1716 an
728 1649 913 1716 Heinrich
933 1649 1019 1717 VIII.
1065 1649 1161 1732 Rom,
1189 1671 1237 1736 14.
1261 1647 1447 1736 September
1476 1669 1567 1735 1531,

388 1810 506 1880 Kredena
529 1810 582 1862 und
605 1808 774 1881 Empfelrlnng
792 1810 844 1879 jair
868 1807 993 1879 Sylvester
1019 1808 1126 1872 Darius,
1150 1809 1196 1860 der
1219 1810 1257 1862 als
1277 1809 1429 1880 pdpstlr’cher
1457 1809 1568 1862 Nuntius
1592 1809 1656 1861 nach

283 1900 430 1953 Schottland
448 1901 515 1951 reist.

705 2003 785 2090 Regi
809 2002 955 2090 Angliae.

387 2129 569 2196 Carissimo.
616 2128 699 2195 Cum
730 2125 781 2194 dil.
814 2125 855 2194 fil.
885 2126 1045 2216 Sylvester
1073 2127 1201 2209 Darius,
1230 2128 1329 2194 nostri
1358 2126 1461 2215 palatii
1490 2149 1652 2194 causarum

280 2236 414 2317 auditor,
438 2235 516 2302 olim
540 2246 649 2301 noster
672 2232 754 2321 apud
776 2246 819 2315 te,
841 2256 927 2301 nunc
951 2231 990 2300 ad
1007 2232 1165 2300 Sermum.
1186 2233 1357 2301 Scotorum
1374 2256 1483 2321 regem
1502 2253 1653 2320 nepotem

279 2356 370 2410 tuum
394 2340 567 2409 destinatus
590 2362 608 2406 a
631 2338 724 2406 nobis
749 2341 887 2421 nuntiuS,
912 2341 1012 2407 iussus
1036 2363 1053 2407 a
1077 2339 1169 2407 nobis
1192 2343 1242 2422 sit,
1258 2340 1467 2407 serenitatem
1492 2339 1597 2406 Tuam
1622 2341 1652 2405 in

280 2471 339 2515 suo
363 2449 431 2515 istic
455 2448 585 2514 transitu
610 2457 723 2514 nostro
739 2446 872 2513 nomine
892 2444 1025 2513 salutare
1047 2460 1078 2513 et
1103 2469 1154 2512 eas
1178 2469 1238 2527 res,
1261 2468 1320 2533 pro
1337 2444 1449 2535 quibus
1466 2468 1539 2513 eum
1557 2446 1652 2512 mitti·

280 2578 360 2631 mus,
393 2578 465 2621 cum
496 2577 532 2621 ea
559 2553 813 2633 communicare,
843 2574 1032 2640 quamquam
1064 2551 1119 2618 tibi
1152 2565 1186 2618 ut
1218 2550 1376 2618 credimus
1408 2550 1548 2640 nota(s)‚
1580 2551 1653 2617 hor·

279 2674 383 2728 tamur
406 2659 614 2727 Serenitatem
639 2658 745 2725 Tuam
769 2659 800 2724 in
825 2658 987 2739 Domino,
1016 2669 1050 2726 ut
1073 2655 1175 2725 eidem
1201 2656 1363 2746 Sylvestro
1388 2658 1512 2745 plenam
1542 2659 1574 2724 in
1605 2658 1652 2723 his

278 2764 374 2834 fidem
399 2766 513 2834 habere
538 2779 579 2847 et,
603 2766 628 2830 si
653 2788 713 2854 qua
737 2765 769 2830 in
793 2787 826 2830 re
850 2761 907 2830 sibi
931 2766 1034 2832 visum
1059 2763 1151 2832 fuerit
1176 2762 1312 2831 eundem
1337 2765 1483 2831 nuntium
1506 2777 1652 2831 nostrum

278 2872 465 2940 coadiuvate
489 2893 583 2959 posse
601 2871 663 2938 tuis
680 2870 789 2938 litteris
806 2884 838 2938 et
853 2870 1042 2938 authoritate
1065 2868 1147 2958 apud
1171 2870 1307 2938 eundem
1326 2881 1478 2958 nepotem
1501 2883 1604 2952 tuum,
1622 2872 1652 2938 id

278 2977 404 3047 efficere
428 2979 488 3044 Dei
513 2988 544 3044 et
566 2988 674 3044 nostra
698 2999 789 3043 causa
812 2975 898 3044 velis,
939 2975 1039 3058 Quod
1064 2976 1167 3043 aTua
1184 2977 1358 3044 Serenitate
1374 2978 1564 3064 accipiemus
1584 3000 1652 3062 gra-

276 3086 445 3153 tissimum.
985 3162 989 3169 Ι

384 3192 498 3257 Datum
524 3189 657 3270 Romae,
685 3211 733 3275 14.
756 3187 951 3276 Septembris
978 3209 1070 3275 1531.
1117 3191 1214 3255 Anno
1238 3202 1362 3257 octavu.

489 3349 565 3402 Brev.
585 3348 648 3401 min.
669 3347 721 3401 vol.
738 3362 776 3417 37,
796 3365 822 3401 n.
835 3361 895 3413 404.
933 3347 1151 3419 Entsprechende
1166 3347 1310 3401 Schreiben
1329 3347 1440 3401 worden
1459 3346 1527 3401 auch
1546 3365 1580 3401 an
1598 3347 1649 3401 den

382 3436 494 3491 Bisthos
504 3455 557 3491 von
570 3435 690 3504 Lincoln‚
709 3435 815 3508 Johann
830 3435 977 3506 Longland,
991 3437 1159 3491 Beichtvater
1172 3436 1218 3489 des
1234 3436 1345 3505 Kbnigs‚
1366 3435 1419 3488 und
1432 3453 1464 3489 an
1480 3436 1531 3490 den
1544 3436 1652 3508 Herzog

383 3543 436 3580 von
455 3524 569 3579 Norfoll·
588 3524 727 3596 gerichtet.

850 3702 938 3785 105.
990 3704 1079 3786 100.

366 3860 545 3928 Clemens
565 3860 634 3927 VII.
659 3883 698 3926 an
723 3859 773 3928 die
797 3859 909 3927 beiden
936 3861 1218 3949 Rechtsgelehrten
1247 3860 1397 3949 Philipp
1421 3861 1562 3928 Dezius

485 3966 549 4034 und
574 3965 742 4055 Raynald
766 3967 953 4035 Petrucci.
1000 3969 1096 4050 Rom,
1122 3972 1151 4035 6.
1177 3967 1325 4035 Oktober
1354 3987 1445 4053 1531.

383 4125 578 4196 Ausfordernng
597 4144 626 4195 pt
647 4128 727 4179 einrm
749 4125 890 4181 Gutachten
910 4129 937 4179 in
956 4127 1001 4180 der
1020 4127 1160 4198 mgiischen
1182 4126 1387 4197 Angelegenheit.

701 4268 827 4336 Dilecto
852 4267 918 4336 filio
942 4268 1088 4356 Philippo
1111 4269 1225 4336 Decio

382 4390 422 4457 D.
447 4389 467 4457 l.
492 4390 545 4458 sal.
591 4390 654 4457 Pro
679 4403 785 4459 nostra
809 4392 900 4459 solita
925 4394 956 4458 in
980 4404 1032 4460 tua
1055 4392 1204 4480 singulari
1227 4392 1370 4461 doctrina
1398 4404 1492 4481 atque
1525 4394 1556 4459 in
1588 4415 1648 4459 nos

276 4518 388 4563 amore
411 4494 523 4564 fiducia
548 4499 702 4565 mittimus
731 4498 768 4565 nd
797 4519 829 4566 te
851 4498 1056 4585 allegationes
1087 4499 1224 4566 acclusas
1249 4501 1279 4565 in
1310 4521 1401 4566 causa
1425 4499 1647 4566 matrimoniali

277 4624 385 4668 coram
409 4602 501 4668 nobis
525 4603 556 4668 in
577 4605 769 4671 consistorio
794 4616 906 4672 nostro
931 4607 1012 4671 inter
1036 4606 1182 4674 Carnros,
1207 4607 1239 4672 in
1257 4606 1386 4672 Christo
1411 4602 1494 4671 filios
1518 4624 1647 4671 nostros

277 4710 349 4776 binc
373 4732 483 4797 regem
515 4707 588 4777 inde
616 4712 758 4797 reginam
783 4711 918 4798 Angliae
946 4724 1106 4793 vertente,
1133 4724 1226 4801 atque
1255 4735 1272 4777 a
1299 4725 1330 4778 te
1360 4709 1402 4779 fili
1431 4711 1583 4798 petimus,
1613 4726 1646 4779 ut

276 4815 334 4883 illis
357 4814 523 4902 diligenter
547 4835 577 4883 et
602 4817 742 4884 studiose
766 4815 913 4884 discussis
941 4841 1038 4908 reque
1066 4830 1133 4886 tota
1157 4838 1278 4885 mature
1306 4841 1460 4907 perpensa
1487 4830 1576 4885 tuum
1602 4819 1646 4885 iu·

276 4921 392 4989 dicium
418 4945 452 4988 ac
478 4923 666 4989 sententiam
697 4947 763 4988 non
787 4923 875 4990 aliter
898 4948 992 5015 quam
1018 4949 1076 5013 pro
1101 4948 1186 4992 mera
1217 4926 1330 4992 iustitia
1355 4926 1484 4993 veritate
1512 4935 1542 4991 et
1572 4925 1646 4991 iuris
