3842 5592
298 372 364 429 1529
382 357 464 430 April.
1623 339 1664 402 75

294 540 360 600 sue,
383 540 439 606 per
462 541 601 586 nessuno
622 516 723 586 modo
746 517 850 588 satisfa
875 518 966 586 »loro
989 541 1045 607 per
1068 518 1096 585 la
1118 518 1261 606 ragione,
1286 516 1369 584 ch’io
1393 515 1437 583 ho
1460 525 1555 583 tocco
1580 513 1611 579 in
1635 511 1665 580 le

294 622 403 692 ultime
427 626 500 707 mie,
524 623 661 693 dicendo
679 627 750 707 essi,
775 624 833 693 che
857 637 967 716 queste
991 625 1052 694 due
1075 625 1196 693 Maesta
1218 624 1321 692 tirauo
1338 620 1441 690 drieto
1464 621 1536 689 tutti
1560 618 1664 687 lialtri

294 728 445 818 colligati,
475 743 506 799 et
532 743 697 799 accettauo
726 743 835 822 questa
862 731 1036 814 indizione,
1065 731 1093 799 la
1122 730 1213 821 quale
1241 727 1384 797 secondo
1413 727 1483 795 loro
1512 725 1624 793 cederi
1648 748 1665 791 a

292 833 392 923 gloria
416 835 495 904 della
510 836 592 904 Sede
609 837 804 926 Apostolica.
844 838 882 905 Et
905 840 950 905 mi
969 837 1098 915 dicono,
1123 849 1241 928 quanto
1266 833 1465 902 alsussidio²
1488 831 1663 899 offerivano

292 964 310 1008 a
332 941 394 1009 Sua
417 942 547 1025 Santitl,
571 943 629 1011 che
653 944 692 1011 V.
717 944 748 1011 S.
773 943 792 1010 li
817 942 978 1032 rispoude,
1003 944 1062 1012 che
1085 967 1152 1010 non
1175 942 1318 1023 hasteria,
1342 939 1479 1008 essendo
1503 937 1615 1006 coloro
1638 938 1665 1002 sl

291 1050 415 1136 potenti
432 1060 464 1118 et
479 1051 658 1139 propinqui,
683 1062 714 1117 et
730 1049 868 1117 indutria
883 1051 1070 1140 suspitione,
1094 1049 1152 1117 che
1169 1051 1272 1138 putria
1288 1048 1440 1137 partorire
1456 1044 1537 1112 male
1554 1041 1663 1113 effetto

292 1166 402 1222 contra
430 1154 457 1222 la
485 1155 683 1224 Beatitudine
711 1157 774 1224 Sua
802 1169 834 1225 et
861 1169 944 1225 stato
973 1157 1195 1225 ecclesiastico.
1248 1155 1303 1222 Ma
1332 1154 1434 1244 questi
1461 1174 1544 1219 sono
1573 1162 1663 1218 tanto

291 1257 464 1329 desiderosi
494 1261 523 1329 di
547 1275 657 1352 questa
686 1262 856 1346 indizione,
881 1263 939 1331 che
962 1265 1135 1352 replican0,
1164 1263 1222 1331 che
1246 1262 1308 1329 Sua
1332 1258 1528 1328 Beatitudine
1557 1258 1583 1324 si
1606 1254 1663 1323 do·

290 1368 391 1433 verria
418 1369 538 1436 ritirare
562 1367 601 1437 da
624 1369 717 1458 quelli
746 1368 847 1451 lochi,
876 1381 907 1437 et
930 1371 962 1436 io
986 1367 1150 1438 domando
1173 1369 1255 1450 loro,
1284 1390 1378 1435 come
1406 1366 1536 1433 resteria
1558 1364 1663 1433 Roma

291 1482 323 1538 et
345 1471 365 1538 il
388 1485 470 1541 stato
495 1474 723 1559 ecclesiastic03
757 1500 815 1564 pur
838 1498 892 1565 par
915 1474 997 1557 loro,
1022 1475 1080 1544 che
1104 1487 1212 1565 questa
1236 1472 1395 1541 indizione
1419 1472 1498 1539 saria
1520 1480 1608 1536 santa
1632 1479 1663 1535 et

289 1575 383 1661 bona,
408 1599 439 1647 et
463 1580 521 1648 che
545 1604 606 1648 con
631 1604 699 1649 essa
728 1583 753 1649 si
777 1586 879 1671 potria
903 1583 976 1652 dare
1005 1606 1048 1651 un
1071 1606 1148 1670 gran
1173 1581 1328 1670 principio
1358 1578 1415 1646 alla
1439 1600 1514 1666 pace
1538 1577 1663 1643 univer·

289 1683 362 1751 sale.
402 1686 499 1774 Dipoi
523 1685 713 1755 discorrono
738 1709 769 1756 et
785 1689 1001 1773 concludono,
1025 1689 1084 1757 che
1107 1689 1186 1756 saria
1208 1687 1296 1755 bono
1312 1685 1377 1753 fare
1400 1707 1463 1752 uua
1485 1705 1570 1750 nova
1592 1680 1663 1769 lega

291 1802 321 1858 et
344 1814 519 1861 commune
543 1793 779 1863 contributione
803 1808 834 1864 et
857 1796 950 1865 borsa
973 1820 1029 1886 per
1051 1793 1096 1863 iar
1112 1806 1222 1886 questa
1245 1795 1380 1881 impresa
1400 1801 1510 1858 contra
1526 1787 1662 1876 Spagna‚

290 1918 356 1963 non
384 1921 441 1986 per
463 1901 572 1967 venire
596 1924 614 1967 a
635 1899 714 1969 fatto
743 1901 873 1985 d'arme‚
901 1926 953 1970 ma
980 1901 1124 1971 secondo
1153 1900 1173 1969 il
1197 1899 1343 1987 disegn0,
1372 1898 1431 1966 che
1459 1896 1503 1962 mi
1533 1893 1661 1962 ricordo

289 2001 384 2070 havet
406 2006 517 2073 scritto
544 2006 621 2074 altre
645 2007 746 2090 volte,
775 2007 805 2075 di
829 2010 911 2076 tenir
934 2009 1052 2077 Cesare
1080 2010 1113 2075 in
1136 2006 1288 2094 travaglio
1317 2017 1349 2073 et
1371 2026 1476 2093 spem,
1506 1999 1612 2069 finche
1636 2000 1661 2067 si

289 2108 495 2178 concludesse
519 2111 546 2178 la
569 2135 656 2202 pace,
680 2137 697 2181 e
721 2116 825 2183 avanti
849 2116 907 2183 che
930 2117 956 2183 si
975 2117 1099 2183 venisse
1122 2139 1139 2181 a
1163 2126 1287 2204 questo,
1310 2110 1370 2180 che
1385 2110 1448 2178 Sua
1464 2106 1661 2176 Beatitudine

288 2214 430 2302 potendo
454 2240 510 2306 per
525 2219 706 2288 valetudine
728 2222 930 2289 continuasse
954 2223 986 2288 in
1010 2222 1177 2310 proposito
1201 2219 1241 2287 de
1256 2219 1346 2287 venir
1369 2216 1397 2284 al
1420 2225 1581 2283 convento
1606 2235 1662 2302 per

287 2332 413 2389 trattare
436 2344 546 2413 questa
568 2348 656 2414 pace,
680 2339 712 2395 et
734 2326 862 2418 quando
881 2328 943 2396 Sua
959 2328 1079 2396 sancita
1102 2351 1168 2395 non
1193 2338 1320 2416 potesse
1343 2320 1529 2403 attendervi,
1553 2321 1611 2389 che
1634 2320 1661 2386 si

288 2430 468 2516 procureria
495 2430 523 2498 la
546 2444 661 2501 venuta
690 2432 861 2502 diCesare
888 2433 947 2502 alle
976 2432 1120 2516 confine,
1149 2434 1207 2502 che
1235 2429 1397 2499 manderia
1422 2427 1553 2519 qualche
1581 2448 1660 2515 gran

287 2537 501 2624 personaggio
531 2561 549 2604 a
574 2550 682 2607 trattar
712 2562 774 2607 con
803 2539 950 2608 Madama
981 2553 1012 2609 et
1039 2540 1238 2608 Eboracense
1268 2548 1299 2606 et
1328 2559 1390 2604 con
1418 2534 1487 2602 altri
1514 2555 1570 2622 per
1599 2532 1661 2599 Sua

287 2638 420 2724 Santita,
449 2643 509 2711 che
531 2667 656 2732 paresse
680 2668 696 2711 a
720 2645 853 2735 quella«.
899 2647 937 2715 Et
960 2644 1118 2715 dicendoli
1147 2647 1191 2728 io,
1221 2645 1279 2712 che
1309 2643 1357 2710 »la
1379 2652 1495 2710 venuta
1524 2635 1575 2706 del
1597 2637 1659 2705 Irn-

286 2758 431 2833 peratore
455 2749 487 2815 in
510 2749 606 2832 Italia,
628 2750 657 2818 la
680 2751 751 2840 qual
774 2750 933 2821 s’intende
957 2753 1015 2821 che
1034 2752 1066 2820 S.
1084 2753 1128 2820 M.
1153 2749 1257 2819 molto
1281 2747 1429 2830 accelera,
1453 2742 1660 2813 interturbata

286 2853 358 2921 tutti
382 2856 483 2944 questi
501 2854 623 2945 disegui
647 2876 678 2924 et
702 2859 850 2946 pensieri,
873 2859 990 2948 perche
1013 2881 1080 2925 non
1098 2856 1235 2926 essendo
1258 2856 1288 2923 la
1308 2854 1378 2942 lega
1401 2851 1483 2921 sorte
1508 2852 1541 2917 in
1563 2847 1659 2931 Italia,

288 2956 326 3025 da
349 2978 412 3027 star
435 2960 463 3028 al
478 2974 652 3046 contrast0,
677 2987 811 3052 ognuno
831 2969 955 3033 cercarl
978 2964 1175 3033 diaccordar
1198 2962 1227 3030 le
1247 2985 1322 3031 cose
1345 2984 1412 3042 sue,
1436 2970 1468 3026 et
1491 2960 1509 3025 e
1533 2955 1571 3023 da
1593 2977 1660 3023 cre·

288 3061 372 3147 dere,
397 3065 456 3134 che
480 3066 511 3134 lo
535 3068 729 3157 Imperatore
758 3083 964 3155 acconsente‚
992 3071 1109 3160 perche
1132 3070 1226 3138 levati
1252 3069 1273 3135 li
1296 3063 1518 3156 impedimenti
1542 3060 1660 3130 d’ltalia

287 3192 380 3257 possa
409 3170 447 3239 da
471 3172 572 3262 quella
598 3173 700 3242 banda
727 3176 852 3244 assalire
880 3176 907 3244 la
930 3178 1073 3245 Francia:
1102 3172 1302 3264 respondeva
1330 3172 1388 3240 che
1417 3192 1501 3238 sono
1529 3166 1659 3236 resoluti

288 3274 319 3342 di
341 3300 520 3346 accrescere
542 3278 571 3346 le
587 3279 674 3348 forae
698 3281 729 3348 di
751 3282 908 3371 Monsigr.
932 3282 963 3350 di
987 3284 1049 3351 San
1065 3282 1146 3350 Polo
1170 3293 1201 3350 et
1225 3279 1326 3371 quelle
1350 3277 1401 3346 del
1423 3298 1525 3363 regno
1549 3272 1581 3342 di
1596 3274 1660 3341 Na·

287 3382 362 3469 poli,
386 3395 418 3451 et
441 3385 500 3452 che
524 3386 691 3454 Venetiani
715 3387 847 3455 faranno
871 3412 987 3457 ancora
1011 3391 1030 3456 8
1055 3388 1128 3456 mila
1150 3386 1227 3456 fanti
1250 3398 1281 3455 et
1304 3382 1386 3454 che’l
1408 3380 1657 3451 Cristianissimo

287 3487 360 3556 dara
386 3490 473 3558 aiuto
501 3514 519 3558 a
546 3493 735 3576 florentini,
765 3494 823 3562 che
854 3518 921 3562 non
954 3497 980 3562 si
1009 3495 1208 3584 precipitino.
1254 3492 1293 3560 Et
1322 3514 1379 3580 per
1406 3499 1519 3579 questo
1548 3484 1658 3553 effetto

287 3594 394 3678 credo,
422 3609 541 3686 quanto
570 3598 655 3667 m'ha
684 3598 773 3668 detto
797 3600 1011 3682 Eboracense‚
1040 3600 1099 3668 che
1121 3600 1278 3688 Monsigr.
1303 3597 1333 3665 di
1358 3597 1491 3676 Baiona,
1519 3592 1540 3660 il
1567 3590 1658 3682 quale

287 3723 339 3767 era
362 3703 416 3791 qui
438 3721 565 3771 oratore
590 3703 640 3771 del
656 3706 917 3789 Cristianissimo,
940 3710 1029 3774 verra
1052 3730 1070 3773 a
1092 3706 1196 3775 Roma
1220 3707 1251 3771 lu
1275 3714 1377 3792 posta,
1401 3712 1432 3770 et
1455 3700 1582 3768 interim
1606 3696 1659 3766 da-

286 3828 386 3875 ranno
411 3807 542 3898 qualche
565 3808 672 3877 danari
695 3834 752 3898 per
767 3811 924 3880 condurre
948 3811 1079 3902 qualche
1103 3813 1248 3899 capitano
1271 3831 1328 3897 per
1347 3810 1538 3876 intratenere
1561 3815 1658 3893 gente

286 3911 324 3979 ad
348 3913 469 3996 effetto‚
493 3914 552 3982 che
575 3915 724 3983 venendo
741 3917 858 3985 Cesare
882 3919 914 3984 in
932 3917 1018 3985 Italia
1041 3917 1061 3985 li
1078 3918 1211 4005 possino
1235 3917 1352 3983 inviare
1375 3915 1408 3981 in
1424 3913 1511 3981 Italia
1533 3911 1561 3978 al
1581 3933 1658 3978 con·

285 4028 399 4102 trast03
432 4019 505 4087 alias
527 4043 664 4089 saranuo
687 4022 773 4092 bone
795 4047 852 4112 per
875 4023 1010 4111 Spagna,
1034 4022 1200 4111 seguendo
1223 4022 1244 4089 il
1267 4020 1403 4109 disegno
1427 4018 1457 4088 di
1481 4041 1606 4107 sopra«.

391 4125 416 4193 ll
439 4126 593 4195 cardinale
617 4130 661 4195 mi
683 4128 752 4196 dice
775 4141 807 4197 et
829 4129 959 4198 afferma
982 4131 1096 4198 havere
1120 4127 1158 4198 da
1181 4128 1201 4196 li
1225 4127 1296 4195 loro
1313 4127 1441 4209 oratori,
1466 4126 1524 4193 che
1541 4123 1657 4193 Cesare

286 4253 352 4298 non
376 4235 501 4321 passerl
528 4235 561 4300 in
584 4234 684 4317 Italia,
714 4248 745 4304 et
769 4236 822 4326 qui
850 4236 878 4303 la
901 4235 1023 4325 publica
1046 4234 1129 4304 lama
1152 4239 1169 4303 e
1193 4237 1225 4302 in
1249 4234 1420 4316 contrarie,
1448 4232 1585 4299 maxime
1612 4229 1658 4298 ira

286 4340 449 4421 mercanti,
471 4337 493 4406 li
516 4339 597 4429 quali
621 4342 699 4429 ogni
722 4343 839 4430 giorno
863 4367 903 4410 ne
927 4354 1074 4411 mettono
1098 4364 1305 4410 scommesse.

392 4577 401 4607 ¹
420 4569 474 4623 Um
493 4569 535 4623 die
548 4570 749 4625 vemreintliche
762 4570 859 4626 Furcht
877 4572 924 4626 des
937 4573 1048 4644 Papstes
1064 4590 1112 4628 vor
1126 4572 1188 4626 dem
1202 4572 1295 4626 Kaiser
1313 4589 1345 4624 zu
1359 4570 1454 4637 heben,
1473 4580 1569 4641 trugen
1583 4570 1655 4642 Eng-

286 4638 346 4693 land
364 4640 417 4693 und
436 4639 594 4694 Franlrreich
612 4642 661 4696 auf
675 4643 816 4696 Betreibeu
829 4643 956 4716 Wolseys
976 4643 1038 4697 dem
1051 4644 1148 4715 Papste
1167 4644 1226 4697 eine
1245 4642 1395 4711 Besatzung
1414 4658 1468 4695 von
1483 4655 1657 4710 1500-2000

285 4708 365 4763 Maon
385 4709 426 4764 fiir
437 4711 507 4765 Rom
527 4729 569 4779 an,
588 4711 739 4784 verfolgten
759 4712 829 4779 aber,
848 4715 1013 4785 wenigsteus
1026 4714 1148 4787 Wolsey‚
1167 4713 1249 4768 damit
1267 4710 1468 4783 hauptsacblich
1487 4711 1538 4764 den
1552 4711 1655 4778 Zweclr‚

285 4780 340 4834 dass
360 4781 487 4836 Clemens
500 4782 559 4836 Vll.
578 4782 620 4837 tiu
638 4783 680 4838 die
699 4783 811 4838 Zulrunft
834 4784 935 4838 ebeuso
953 4785 980 4838 in
999 4784 1096 4839 Furcht
1114 4803 1163 4839 vor
1182 4784 1268 4838 dieser
1286 4782 1416 4836 Besatzun
1454 4783 1507 4836 wie
1526 4799 1575 4836 vor
1593 4781 1655 4836 dem

285 4851 379 4907 Kaiser
403 4852 479 4906 stehe
502 4852 555 4906 und
579 4853 697 4908 dadurch
721 4853 762 4907 lirr
787 4853 829 4908 die
854 4854 1045 4926 Forderungcn
1069 4855 1116 4909 Hs
1135 4855 1206 4909 Vlll.
1232 4870 1277 4907 um
1302 4870 1334 4907 so
1358 4798 1531 4924 williahriger
1555 4852 1655 4907 werde.

286 4921 376 5047 gffgl.
396 4922 512 4991 Brewer,
535 4923 581 4978 IV.
600 4942 625 4980 n.
648 4939 723 4994 5050,
745 4940 819 4994 5150,
842 4940 917 4997 5179,
940 4925 1103 4980 namentlich
1121 4944 1146 4997 p.
1166 4929 1285 4995 2277178.
1324 4924 1349 4978 S.
1368 4923 1437 4977 auch
1455 4922 1529 4977 State
1547 4923 1654 4994 Papers,

337 5002 446 5064 ·145l7·
