3802 5606
239 341 308 398 Felix
329 360 382 398 von
402 343 481 397 Prato
501 339 564 397 tiber
583 338 625 395 die
645 342 739 413 pipstl.
759 336 984 412 Dispensgewalt.
1282 304 1284 307 Ι
1545 328 1604 391 all

239 503 356 571 Genes.
375 523 416 569 20
430 501 520 592 (12),
544 502 664 589 accepit
687 501 718 568 in
741 501 923 587 coniugem,
944 499 1041 584 jacob
1058 499 1134 567 duas
1158 521 1297 580 sorores,
1323 500 1439 568 Rachel
1461 500 1607 569 dilectam

239 622 270 677 et
292 609 392 676 Liam.
439 606 527 690 Quid
552 630 630 696 ergo
653 606 692 674 de
717 606 783 675 aliis
807 605 1026 694 opinabimur?

343 714 492 782 Tertium
517 733 574 795 est,
597 725 762 801 praecepta
786 711 917 779 moralia
939 712 1024 779 iuxta
1051 723 1234 798 temporum
1263 710 1477 779 diversitatem
1506 713 1609 779 homi-

240 844 379 910 numque
403 819 582 887 facilitatem
607 832 638 887 et
660 816 947 907 promptitudinem
963 837 1194 905 augumentum
1217 818 1385 904 accepisse.
1432 817 1534 900 Quod
1553 841 1609 906 per
1681 840 1684 845 ⁴

238 939 343 995 toturn
366 938 458 995 vetus
480 950 516 993 ac
540 948 661 993 novum
685 936 771 1013 patet
793 935 1029 992 testamentum.
1076 920 1171 990 Unde
1195 925 1329 1011 August.
1353 923 1392 991 de
1415 924 1518 991 uerbis
1542 925 1610 992 Do-

239 1034 318 1099 mini
341 1055 435 1121 super
457 1030 532 1099 illud
555 1031 668 1099 Matth.
693 1029 765 1121 (15,
790 1029 865 1119 29):
901 1029 1087 1097 Ascendens
1109 1030 1199 1114 jesus
1230 1031 1262 1095 in
1291 1048 1452 1096 montem:
1488 1031 1609 1099 Maiora

240 1138 396 1229 siquidem
427 1151 593 1227 praecepta
622 1137 757 1205 iustitiae
786 1135 856 1203 data
887 1148 960 1203 sunt
988 1135 1174 1203 Christianis
1206 1133 1354 1224 (inquit),
1385 1137 1456 1225 quia
1485 1139 1610 1205 minora

241 1265 339 1327 erant,
362 1268 442 1333 quae
465 1242 590 1330 Judaeis
614 1242 685 1311 data
707 1256 790 1310 sunt.
837 1243 929 1309 Unus
956 1255 1064 1309 tamen
1088 1242 1176 1308 Deus
1207 1263 1262 1329 per
1286 1260 1412 1309 sanctos
1435 1243 1610 1331 Prophetas

242 1371 272 1418 et
296 1349 431 1418 famulos
455 1374 530 1418 suos
555 1349 730 1418 secundum
754 1347 1023 1417 ordinatissimam
1046 1347 1302 1416 distributionem
1318 1361 1501 1436 temporum
1526 1348 1611 1418 dedit

241 1459 366 1523 minora
388 1475 553 1545 praecepta
576 1455 711 1543 populo,
739 1478 836 1544 quem
859 1456 976 1521 timore
999 1452 1116 1540 alligari
1141 1453 1345 1542 opportebat,
1373 1467 1405 1522 et
1428 1478 1484 1543 per
1507 1455 1607 1523 filium

242 1586 334 1630 suum
358 1563 478 1629 maiora
500 1561 632 1650 populu,
656 1584 752 1650 quem
776 1562 902 1628 caritate
926 1562 988 1627 iam
1003 1559 1125 1627 liberari
1149 1578 1352 1627 convenerat.
1399 1560 1483 1628 Cum
1505 1573 1610 1629 autem

242 1671 367 1736 minora
389 1667 577 1750 minoribus,
600 1668 720 1734 maiora
745 1665 916 1733 maioribus
931 1665 1055 1749 dantur,
1079 1666 1117 1734 ab
1140 1689 1180 1733 eo
1205 1665 1327 1748 dantur,
1351 1668 1512 1755 quinovit
1535 1690 1612 1735 con·

243 1787 393 1864 gruenter
415 1776 478 1842 suis
501 1774 698 1862 temporibus
722 1775 832 1861 generi
855 1773 997 1840 humano
1021 1772 1169 1840 exhibere
1192 1771 1411 1840 medicinam¹

349 1882 507 1963 Quartum
532 1891 594 1962 est,
618 1878 869 1969 dispensationes
898 1902 1060 1969 nunquam
1091 1880 1172 1946 circa
1201 1878 1386 1946 universalia
1414 1880 1530 1946 versari
1558 1904 1612 1947 ne·

244 2013 305 2078 que
329 1990 361 2055 in
384 1989 567 2055 universum
590 1985 733 2068 concedi,
757 2009 868 2054 verum
900 1988 980 2054 circa
1003 1985 1196 2075 particularia
1225 2008 1284 2052 nec
1308 2008 1375 2051 non
1398 1984 1559 2053 individua
1582 2000 1613 2054 et

244 2094 283 2165 ad
314 2115 441 2183 tempus
471 2092 540 2161 fieri
568 2092 821 2161 determinatum.
873 2093 963 2174 Quas
992 2091 1029 2159 ab
1058 2090 1173 2160 eodem
1203 2091 1383 2180 legislatore
1406 2092 1448 2159 ob
1477 2092 1613 2182 aliquam

245 2222 412 2268 concessas
436 2222 559 2266 causam
585 2197 635 2267 vel
657 2200 846 2287 mysterium
863 2200 894 2264 in
912 2196 1023 2266 eadem
1047 2209 1197 2265 annotata
1213 2198 1364 2285 scriptura
1379 2197 1429 2265 vel
1447 2197 1509 2265 alio
1525 2210 1614 2267 certo

245 2305 329 2390 loco,
353 2327 439 2373 sacra
462 2328 522 2372 nos
547 2303 642 2372 docet
665 2307 788 2393 pagina.
834 2303 936 2386 Quod
958 2315 1046 2371 totus
1060 2304 1291 2392 Prophetarum
1315 2302 1483 2372 confirmat
1499 2317 1614 2388 textus,

246 2425 280 2480 ut
310 2411 349 2480 de
382 2412 548 2479 meretrice
578 2417 700 2478 uxore²
731 2422 761 2478 et
792 2409 928 2499 reliquis.
975 2411 1065 2492 Quas
1089 2410 1240 2478 Summus
1272 2411 1305 2476 in
1338 2407 1442 2476 arduis
1477 2411 1615 2478 imitatur

245 2517 393 2586 Pontifex
417 2519 498 2585 circa
521 2515 635 2584 divina.
683 2517 782 2585 Cuius
804 2516 931 2585 facultas
956 2529 1013 2598 est,
1038 2518 1122 2585 iuxta
1146 2539 1254 2584 earum
1284 2514 1529 2584 declarationem
1554 2515 1615 2584 dis·

246 2648 377 2714 pensate
407 2648 442 2693 ac
474 2624 532 2691 alia
561 2622 717 2692 declarare
724 2650 733 2706 3
766 2647 856 2691 secus
888 2624 972 2691 enim
1004 2624 1030 2689 si
1061 2622 1162 2705 fieret,
1192 2623 1321 2690 Patrum
1351 2622 1400 2689 vel
1432 2641 1614 2690 sanctorum

245 2733 386 2799 virorum
404 2730 549 2818 exempla
563 2731 694 2818 impune
710 2743 893 2819 sequeretur
910 2732 1124 2818 uuusquisque
1140 2740 1171 2796 et
1190 2729 1330 2816 vestigia.
1355 2727 1482 2796 Nullam
1496 2729 1614 2796 etenim

247 2840 313 2905 eius
335 2839 381 2905 rei
404 2838 586 2925 oppositam
615 2859 762 2904 normam
786 2837 973 2924 aspicientes
1003 2835 1078 2924 quid
1107 2859 1164 2903 eos
1192 2848 1317 2903 acturos
1347 2833 1540 2902 iudicamus?
1579 2836 1615 2902 Et

247 2965 311 3032 quo
334 2943 401 3010 iure
424 2942 575 3030 puniendi
600 2944 726 3010 essent?

351 3050 409 3116 His
432 3050 596 3137 praeiactis
618 3049 793 3116 seminibus
815 3050 975 3139 antiquam
994 3049 1257 3117 constitutionem
1274 3048 1323 3116 vel
1340 3047 1616 3130 consuetudinem,

249 3155 365 3223 Genes.
392 3158 432 3242 38
457 3154 513 3245 (8)
538 3179 555 3223 a
577 3155 656 3241 Juda
680 3155 911 3238 confirmatam,
935 3157 988 3245 qui
1013 3168 1143 3223 mortuo
1167 3155 1233 3223 Her
1256 3154 1322 3222 filio
1346 3178 1405 3221 suo
1430 3156 1521 3222 nutui
1542 3178 1617 3222 suae

247 3260 388 3328 Thamar
404 3263 548 3345 nomine,
572 3262 713 3330 eiusdem
731 3260 869 3329 defuncti
893 3264 994 3344 uxori,
1012 3261 1098 3330 dedit
1121 3259 1219 3328 filium
1237 3284 1328 3327 suum
1346 3260 1455 3341 Onan,
1480 3272 1513 3328 ut
1534 3260 1616 3327 illam

248 3367 280 3433 in
304 3390 437 3435 uxorem
462 3368 604 3436 haberet:
636 3370 743 3435 uxoris
770 3367 871 3435 fratris
900 3367 1046 3436 videlicet
1069 3365 1208 3434 defuncti
1231 3367 1299 3433 sine
1323 3364 1426 3433 liberis
1451 3368 1482 3433 in
1513 3368 1618 3434 matri-

249 3475 394 3540 monium
420 3472 673 3562 coniungendae,
703 3497 759 3562 per
781 3486 984 3562 praeceptum
1008 3474 1164 3560 posterius
1193 3472 1301 3554 latum,
1332 3472 1431 3539 Levit.
1461 3473 1498 3539 18
1524 3470 1618 3561 (16):

250 3579 367 3646 Uxoris
390 3578 491 3647 fratris
514 3581 559 3647 tui
583 3579 720 3648 verenda
743 3603 784 3647 ne
808 3578 937 3668 detegas
962 3620 1003 3627 -
1028 3580 1160 3646 minime
1176 3577 1328 3646 sublatam
1352 3577 1402 3646 vel
1426 3575 1467 3644 illi
1491 3579 1619 3667 quouis·

251 3685 351 3753 modo
367 3686 556 3774 derogatum
575 3709 751 3754 censemus.
786 3687 864 3753 Non
881 3689 966 3753 enim
984 3687 1031 3752 ius
1048 3686 1076 3753 ei
1092 3683 1273 3753 adversatur
1289 3697 1427 3752 naturae.
1464 3684 1619 3766 Quando-

251 3792 377 3881 quidem
409 3816 522 3860 eorum
546 3812 714 3882 sequentes
738 3791 989 3860 adversariorum
1013 3789 1208 3875 doctrinam,
1241 3790 1345 3858 solum
1379 3791 1619 3859 matrimonium

252 3921 325 3965 cum
348 3910 434 3986 patre
458 3898 508 3967 vel
532 3918 649 3981 matre,
680 3911 809 3986 propter
833 3900 991 3966 honorem
1023 3910 1054 3965 et
1085 3899 1293 3965 reverentiam
1322 3899 1368 3964 eis
1398 3896 1620 3979 adhibendam,

251 4006 335 4072 iuxta
357 4028 490 4072 sexuum
513 4004 733 4088 differentiam,
755 4006 803 4072 ius
824 4003 983 4093 prohibuit
999 4017 1128 4071 naturae
1145 4027 1205 4072 nec
1221 4006 1326 4071 minus
1344 4003 1496 4072 divinum.
1536 4007 1620 4071 Ante

252 4109 283 4177 id
306 4122 433 4199 tempus
455 4110 576 4178 nullum
601 4133 716 4198 nempe
741 4113 773 4176 in
797 4108 953 4178 eiusmodi
977 4108 1135 4177 affinitatis
1151 4108 1249 4198 gradu
1273 4111 1450 4199 aspicimus.
1497 4110 1619 4177 Verum

254 4235 292 4301 25
319 4215 375 4305 (ς)
399 4217 529 4284 Denter.
554 4239 624 4284 eam
649 4214 941 4304 [consuetudinem]
966 4215 1185 4284 confirmatam
1210 4218 1386 4306 poenisque
1403 4217 1559 4284 munitam
1575 4217 1622 4283 in·

252 4328 410 4390 tuemur.³
453 4324 505 4390 An
529 4324 617 4390 Deus
641 4334 674 4390 ut
698 4323 799 4389 homo
822 4322 903 4391 adeo
927 4325 1092 4410 repentine
1116 4336 1216 4390 mutat
1231 4325 1431 4403 sententiam,
1455 4345 1494 4388 an
1519 4333 1553 4389 ut
1577 4324 1622 4388 in-

362 4491 370 4520 1
388 4481 550 4536 Wbrtliches
564 4481 635 4535 Citat
654 4498 700 4536 aus
713 4483 760 4536 Sti.
772 4482 927 4554 Augustini:
947 4481 989 4534 De
1009 4498 1134 4536 sermone
1146 4482 1257 4535 Domini
1275 4483 1301 4535 in
1320 4491 1413 4535 monte
1432 4481 1474 4535 lib.
1490 4481 1508 4536 l.
1528 4498 1584 4552 cap.
1600 4497 1623 4537 a.

253 4552 354 4623 Migne,
373 4552 465 4678 Οὸετα
483 4552 509 4606 S.
528 4553 642 4623 August.
662 4553 708 4619 lll,
728 4568 752 4607 2.
772 4553 823 4607 col.
846 4568 920 4622 1231.

361 4630 372 4661 ¹
417 4640 472 4690 see,
494 4640 516 4689 1,
537 4638 559 4677 2.
597 4624 757 4695 Principium
775 4623 901 4695 loquendi
920 4623 1039 4677 Domino
1058 4626 1083 4676 in
1098 4622 1185 4688 Osee;
1204 4631 1231 4675 et
1249 4621 1312 4676 dixit
1331 4622 1463 4675 Dominus
1483 4621 1516 4675 ad
1535 4621 1623 4676 Osee:

255 4694 342 4762 Vade,
367 4711 443 4748 sume
462 4694 508 4748 tibi
533 4711 644 4748 uxorem
668 4694 873 4749 fornicationum
899 4704 925 4749 et
946 4693 987 4747 fac
1005 4694 1052 4747 tibi
1075 4692 1144 4747 tilios
1170 4691 1387 4759 fornicationum,
1406 4694 1466 4763 quia
1492 4692 1624 4747 somicans

254 4764 424 4889 {omipabitur
442 4773 511 4819 terra
524 4782 539 4818 a
552 4765 680 4821 Domino.
717 4765 773 4819 Das
792 4775 939 4837 ungetreue
955 4765 1033 4818 Weib
1052 4764 1130 4818 sollte
1149 4764 1192 4817 ein
1206 4762 1265 4815 Bild
1283 4762 1330 4817 des
1349 4772 1513 4833 ungetreuen
1524 4763 1624 4816 Vollces

268 4851 325 4890 stae
354 4852 419 4890 sem.

362 4907 469 4961 ⁸Deut.
490 4921 530 4976 25,
548 4923 569 4975 ς.
600 4906 626 4961 S.
640 4907 734 4977 vorige
746 4906 827 4974 Seite,
846 4907 926 4961 Anm.
943 4921 966 4960 2.
997 4906 1076 4959 Deut.
1097 4919 1138 4973 25,
1152 4920 1180 4974 7:
1200 4904 1247 4958 Sin
1265 4914 1354 4957 autem
1373 4904 1487 4958 noluerit
1505 4905 1625 5027 accipere

256 4995 366 5031 uxorem
385 4976 471 5032 fratris
486 4979 533 5045 sui,
553 4993 620 5048 quae
634 4978 657 5030 ei
676 4976 738 5047 lege
751 4976 868 5042 debetur,
888 4986 981 5047 perget
995 4975 1089 5029 mulier
1108 4975 1139 5028 ad
1157 4983 1260 5045 portam
1275 4974 1385 5028 civitatis
1406 4984 1431 5028 et
1451 4975 1562 5046 interpel
1573 4975 1625 5029 abit

310 5084 413 5137 Ehuee,
429 5082 555 5126 tlbmlsehe
570 5081 729 5127 Dokumeute.
1472 5090 1494 5126 lo·
