3820 5592
302 309 324 370 4
1528 316 1579 390 Juli
1600 333 1675 390 ¹527·

302 479 379 548 haec
402 477 530 547 saevitia
545 474 674 543 ulterius
689 473 909 564 progrediatur
925 478 1065 565 impune,
1089 475 1327 545 decernendum
1352 488 1409 560 est,
1434 488 1465 546 et
1488 479 1521 545 in
1538 477 1673 567 aliquem

301 585 408 653 locum
437 583 610 652 convenire
638 592 781 670 oportet,
813 592 847 648 ut
875 579 952 649 dum
982 606 1054 672 spes
1082 582 1183 673 aliqua
1214 596 1372 672 superest,
1401 583 1488 674 quod
1516 587 1675 675 optimum

301 691 383 760 factu
407 688 573 772 videbitur,
597 685 628 754 id
652 709 746 777 quam
763 685 1004 775 diligentissime
1020 700 1182 757 statuatur.
1228 690 1298 778 Ego
1314 713 1392 758 vero
1416 690 1474 758 etsi
1495 690 1674 776 indignum,

301 796 614 866 observantissimum
642 806 752 861 tamen
774 793 806 861 S.
831 796 867 863 R.
892 794 926 861 E.
956 793 1135 862 membrum
1165 794 1339 864 nullatum
1363 798 1457 865 maris
1480 816 1549 866 tum
1573 809 1674 865 terrae

300 903 454 994 pericula,
485 900 589 989 nullos
622 912 778 988 sumptuS,
813 899 917 967 nullos
946 899 1069 969 labores
1104 901 1352 990 subterfugiens,
1388 903 1504 970 nullam
1537 903 1673 994 denique

301 1012 410 1079 aetatis
438 1031 529 1076 meae
557 1019 589 1076 et
617 1005 806 1074 habitudinis
834 1007 991 1074 rationem
1020 1006 1155 1091 habens,
1183 1020 1217 1076 ut
1245 1005 1285 1075 de
1316 1008 1373 1076 hac
1401 1032 1435 1077 re
1463 1032 1536 1077 cum
1561 1010 1674 1078 Vestra

300 1119 391 1187 Rma.
420 1115 652 1183 Dominatioue
684 1114 859 1203 ceterisque
893 1112 1101 1181 confratribus
1135 1126 1266 1182 tractare
1302 1116 1439 1203 possim,
1475 1117 1508 1182 in
1540 1115 1672 1183 Galliam

300 1222 488 1313 propediem
517 1243 570 1287 me
598 1218 761 1287 conferam
789 1242 892 1308 neque
917 1243 969 1287 me
992 1219 1065 1287 huic
1093 1220 1197 1287 itineri
1224 1234 1346 1289 temere
1375 1223 1553 1309 accingam;
1584 1221 1674 1290 effeci

301 1332 403 1411 enim,
434 1339 468 1396 ut
492 1327 716 1395 invictissimus
739 1326 902 1393 Dominus
925 1349 1015 1394 meus
1040 1349 1109 1410 rex,
1133 1328 1220 1394 cuius
1244 1329 1275 1393 in
1300 1328 1479 1396 Romanam
1508 1327 1672 1395 ecclesiam

301 1437 400 1525 pietas
424 1434 536 1502 clarior
553 1431 742 1521 iampridem
758 1443 852 1514 extat,
869 1455 963 1522 quam
981 1444 1016 1500 ut
1033 1432 1102 1500 ullis
1119 1452 1210 1522 egeat
1227 1435 1433 1521 argumentis,
1456 1435 1551 1501 vitam
1572 1436 1673 1523 ipsam

301 1541 420 1610 nedum
444 1562 533 1629 opes,
557 1561 633 1628 quas
657 1561 674 1605 a
697 1537 770 1605 Deo
794 1549 937 1626 acceptas
961 1537 1041 1606 illius
1066 1562 1234 1627 causaegse
1259 1537 1373 1607 debere
1396 1538 1520 1623 fatetur,
1543 1539 1673 1629 profun-

301 1647 375 1716 dere
403 1669 470 1714 non
498 1657 636 1728 recuset3
667 1644 850 1711 universum
878 1663 985 1711 autem
1013 1643 1094 1712 illius
1128 1644 1361 1713 nobilissimum
1389 1668 1525 1735 regnum
1552 1658 1672 1715 tantam

301 1773 463 1843 acceptam
491 1750 612 1820 cladem
643 1749 749 1818 effusis
780 1750 948 1840 lachrymis
972 1750 1158 1841 sublatoque
1187 1750 1226 1819 ad
1248 1752 1356 1820 Deum
1384 1765 1514 1842 pectore
1541 1751 1672 1842 indigne

300 1860 405 1929 ferens
428 1858 470 1926 illi
494 1855 701 1945 corrigendae
732 1857 777 1924 sic
800 1854 948 1939 afficitur,
979 1868 1012 1925 ut
1036 1855 1076 1925 de
1100 1880 1211 1925 eorum
1241 1880 1338 1947 opera
1365 1860 1502 1926 maxima
1530 1882 1672 1950 quaeque

300 1966 392 2034 nobis
415 1964 556 2055 polliceri
579 1986 741 2052 queamus.
789 1962 1096 2031 christianissimum
1127 1988 1213 2032 nunc
1236 1964 1400 2032 Gallorum
1430 1988 1555 2054 regem,
1584 1967 1671 2033 cuius

299 2096 374 2141 vere
412 2071 603 2140 catholicum
642 2071 785 2136 animum
821 2068 1108 2158 exploratissimum
1143 2070 1262 2154 habeo,
1297 2094 1393 2161 quam
1432 2070 1671 2159 diligentissime

297 2202 430 2268 possum
454 2165 613 2245 accedam.
660 2175 809 2263 Superest
832 2176 937 2264 igitur,
962 2187 996 2243 ut
1020 2177 1052 2243 in
1076 2177 1138 2245 hoc
1162 2200 1243 2265 opus
1267 2179 1413 2245 omnium
1437 2179 1593 2267 imprimis
1617 2202 1672 2246 ne·

298 2285 468 2353 cessarium
491 2283 605 2350 Vestra
629 2282 717 2350 Rma.
741 2281 930 2350 Dominatio
962 2284 1121 2371 ceterique
1145 2282 1319 2351 confratres
1343 2286 1443 2352 nostri
1471 2286 1537 2372 pari
1564 2283 1670 2353 studio

297 2410 392 2481 atque
415 2389 528 2457 ardore
552 2411 678 2456 mecum
697 2399 886 2456 concurrant
902 2407 933 2455 et
949 2386 989 2455 ad
1004 2389 1140 2478 aliquem
1155 2388 1262 2457 locum
1279 2388 1385 2457 eidem
1402 2389 1577 2459 Christmo.
1593 2392 1671 2479 regi,

296 2496 349 2565 ubi
373 2518 436 2584 ego
459 2517 587 2586 quoque
610 2492 718 2576 adem,
742 2494 930 2562 viciniorem
953 2496 1126 2563 convenire
1149 2494 1264 2579 velint,
1293 2519 1358 2586 quo
1387 2519 1428 2564 eo
1451 2509 1616 2586 praesente
1639 2509 1671 2565 et

295 2604 423 2670 iuvante
446 2600 486 2669 de
509 2601 557 2668 his
579 2600 672 2668 rebus
695 2601 855 2688 possimus
872 2600 1076 2668 commodius
1094 2600 1338 2691 diligentiusque
1362 2620 1508 2686 tractare3
1533 2602 1619 2692 quod
1643 2604 1668 2669 si

296 2706 399 2778 facere
423 2708 537 2775 Vestra
560 2707 652 2774 Rma.
677 2707 865 2774 Dominatio
894 2708 1027 2775 minime
1050 2709 1250 2791 recusaverit,
1275 2720 1392 2777 certam
1421 2707 1567 2777 fiduciam
1593 2732 1669 2777 con·

296 2817 399 2904 cipiat,
424 2814 527 2881 forma
549 2811 652 2881 adhuc
675 2814 753 2880 sacri
777 2811 901 2901 collegii
926 2816 1093 2903 superstite
1118 2833 1150 2881 et
1172 2815 1323 2883 membris
1347 2813 1464 2883 afflicto
1489 2817 1581 2904 capiti
1597 2839 1669 2904 sup-

296 2923 395 3010 petias
425 2918 597 2987 ferentibus
627 2941 678 2986 res
707 2917 794 2986 brevi
823 2941 861 2986 ex
891 2921 1038 2988 omnium
1068 2922 1225 2989 sententia
1260 2920 1439 2989 felicissime
1471 2945 1669 2990 successuras

297 3050 377 3109 esse,
400 3022 672 3115 quemadmodum
688 3026 830 3092 animum
854 3047 948 3113 super
964 3025 1012 3092 his
1028 3038 1174 3094 nostrum
1192 3050 1230 3094 ex
1247 3026 1426 3096 Reverendi
1442 3028 1577 3096 Domini
1596 3050 1669 3117 pro·

296 3131 447 3199 tonotarii
471 3129 656 3212 Gambarae,
680 3130 711 3197 S.
736 3130 777 3197 D.
801 3130 843 3198 N.
868 3131 971 3198 nuntii
993 3131 1103 3199 litteris
1127 3133 1287 3221 copiosius
1311 3152 1498 3221 cognoscet.
1537 3132 1669 3223 Reliqua

296 3261 404 3306 coram
436 3237 654 3318 tractabimus,
685 3247 717 3303 et
747 3238 869 3324 optime
898 3235 998 3304 valeat
1028 3238 1119 3306 Rma.
1154 3238 1343 3307 Dominatio
1376 3240 1506 3322 Vestra,
1537 3240 1587 3306 cui
1616 3263 1668 3308 me

296 3343 474 3413 humillime
499 3340 707 3410 commendo.
1281 3416 1306 3482 E
1341 3416 1371 3483 V
1406 3416 1434 3484 R
1468 3415 1499 3482 D

401 3446 540 3520 nonunt
564 3448 615 3516 <¹³³
642 3466 691 3516 ¹²·
714 3448 785 3534 Julii
814 3467 849 3534 ¹5
876 3470 906 3536 ⁷·
1212 3521 1417 3590 numianus
1440 3520 1581 3590 servitor

1262 3628 1303 3695 T.
1328 3628 1401 3697 Car.
1425 3627 1519 3695 Ebor.

506 3748 995 3806 meh.v2uc.nrm.vl11.oru.1.
1020 3750 1108 3805 vola
1133 3769 1157 3822 p.
1183 3752 1224 3824 98.
1263 3751 1347 3823 Orig,
1371 3751 1478 3822 Papier,
1503 3751 1549 3805 das
1572 3752 1667 3807 aweite

400 3839 469 3893 Blatt
483 3841 531 3892 mit
550 3837 597 3892 der
615 3837 732 3892 Adresse
751 3838 821 3892 starlr
839 3839 1004 3910 beschadigt,
1024 3839 1087 3893 aber
1105 3838 1147 3893 die
1162 3839 1259 3894 Schrift
1275 3850 1322 3912 gut
1342 3840 1469 3895 erhalten.
1498 3839 1563 3894 lbid.
1577 3858 1602 3911 p.
1619 3855 1668 3895 roo

400 3928 471 3981 steht
485 3927 544 3980 eine
558 3935 622 3998 gute
641 3926 729 3998 Kopie
747 3925 794 3981 des
814 3927 933 3984 Stttclres.
969 3926 1019 3981 Ein
1038 3926 1138 3981 kleiner
1157 3928 1289 3982 Bmchteil
1309 3928 1436 4000 gedruclrt
1456 3928 1498 3981 bei
1516 3926 1666 3996 Laemmer,

400 4015 476 4070 Mon.
495 4015 582 4070 Vatis.
602 4032 628 4086 p.
648 4030 689 4085 23.

498 4209 615 4277 Franz
637 4210 661 4277 l.
685 4232 726 4276 an
748 4208 843 4277 Kard.
868 4148 1031 4279 Ridolli.
1077 4211 1174 4294 Paris,
1200 4210 1336 4297 25.Ju1i
1362 4230 1455 4299 1527.

402 4331 522 4386 Gleichen
550 4331 659 4387 fahaltes
685 4334 735 4386 wie
761 4334 803 4386 die
830 4333 916 4387 beiden
943 4334 1138 4400 vorstehmden,
1166 4338 1213 4389 mit
1243 4335 1392 4406 Einladung
1424 4336 1471 4389 der
1494 4336 1667 4390 italienr'sclren

295 4421 440 4475 Kardindle
457 4420 522 4475 nach
541 4420 672 4494 Avignon.

399 4526 582 4594 Franciscus
606 4526 646 4594 D.
676 4548 707 4612 g.
737 4526 932 4594 Francorum
960 4551 1015 4595 rex
1043 4529 1139 4597 Rmo,
1169 4530 1202 4595 in
1233 4529 1363 4598 Christo
1392 4531 1475 4597 Patri
1504 4530 1536 4597 S.
1569 4531 1607 4599 R.
1631 4530 1666 4598 Ε.

294 4630 441 4700 cardinali
471 4631 552 4701 tituli
585 4632 617 4699 S.
646 4632 714 4699 Viti
742 4633 775 4698 in
804 4632 938 4700 macello
974 4636 1139 4702 martirum
1173 4637 1278 4703 amico
1308 4648 1420 4704 nostro
1451 4636 1581 4704 Carmo.
1611 4636 1665 4704 sal.

295 4738 380 4805 Cum
404 4737 443 4805 de
467 4739 643 4806 miserrima
666 4736 751 4804 urbis
775 4735 863 4805 clade
886 4737 1013 4807 allatum
1036 4740 1128 4808 nobis
1153 4753 1236 4809 esset
1252 4744 1399 4810 nuntium
1416 4743 1665 4826 acerbissimum,

294 4862 328 4910 ut
352 4841 563 4911 detestabilius
587 4843 709 4911 nullum
733 4861 807 4931 post
830 4843 1017 4914 christianae
1041 4846 1205 4935 religionis
1232 4848 1311 4915 iacta
1333 4847 1540 4916 fundamenta
1568 4867 1667 4937 patra-

293 4960 361 5017 tum
394 4959 477 5015 extat
505 4947 639 5032 facinus,
670 4950 712 5017 ita
740 4950 882 5016 animum
912 4964 1058 5020 nostrum
1089 4952 1193 5020 nullus
1222 4976 1361 5043 unquam
1389 4966 1441 5022 aut
1471 4956 1583 5023 iustior
1614 4967 1668 5023 aut
