3842 5592
259 335 323 389 15²9
340 316 402 373 Mai.
1585 297 1625 361 97

359 477 419 544 Per
440 474 469 542 la
491 474 601 561 giunta
624 468 674 539 del
690 468 779 538 detto
796 467 979 557 Guglielmo
1002 466 1035 534 fu
1058 466 1206 555 expedito
1230 468 1283 556 qui
1298 467 1444 555 Monsgr.
1462 468 1493 536 di
1510 471 1628 538 Baiona

254 583 523 654 acommunicare
540 578 560 645 il
576 588 671 659 tutto,
695 587 728 643 et
743 574 761 642 il
779 573 934 642 cardinale
957 575 1006 640 mi
1030 573 1074 640 ha
1097 572 1220 655 detto,
1244 572 1381 642 havere
1405 574 1502 644 fatto
1526 575 1628 644 buon

255 691 391 759 officio
415 711 471 778 per
493 687 536 754 N.
561 685 697 772 Signore
721 695 752 750 et
776 681 835 749 che
858 679 1079 762 vorrebbon0‚
1108 680 1166 747 che
1190 703 1246 767 per
1269 704 1365 747 mano
1390 680 1420 748 di
1444 682 1505 749 Sua
1529 684 1630 751 Beati-

255 798 364 866 tudine
388 796 530 884 seguisse
550 791 635 859 detta
658 812 746 878 pace,
770 786 993 856 confirmando
1010 787 1072 854 Sua
1089 786 1207 854 Santith
1231 786 1295 857 nel·
1306 791 1472 877 proposito
1496 789 1574 859 fatto
1599 791 1629 859 di

254 903 343 972 voler
374 898 581 990 personaliter
610 897 719 965 venire
747 919 764 962 a
792 893 985 983 procurarla3
1013 916 1080 959 non
1104 892 1308 960 vorrebbono
1338 898 1433 983 perd,
1465 920 1558 965 corne
1587 898 1630 964 ho

256 1012 377 1091 scritt0,
401 1008 459 1075 che
479 1005 540 1072 Sua
557 1003 676 1071 Santita
699 1000 830 1070 andasse
854 1002 886 1067 in
906 1000 1078 1087 Hispagna‚
1102 1022 1154 1065 ma
1178 999 1236 1067 che
1260 999 1378 1069 facesse
1402 1026 1445 1070 un
1470 1016 1631 1072 convento

257 1119 289 1185 in
313 1114 444 1207 qualche
467 1112 566 1199 luogo
590 1108 622 1177 di
646 1106 789 1189 confine,
819 1117 850 1174 et
873 1128 929 1195 per
953 1104 1058 1194 quello
1087 1104 1171 1172 ch'io
1196 1105 1346 1190 intendo,
1375 1131 1440 1176 non
1472 1133 1546 1199 pare
1574 1112 1633 1179 che

258 1222 358 1292 debba
387 1242 490 1287 essere
520 1215 669 1284 difficultd
697 1237 738 1281 ne
766 1213 795 1281 le
824 1210 1017 1293 conditioni,
1049 1209 1144 1278 siha
1173 1211 1290 1280 Cesare
1319 1232 1350 1280 et
1374 1215 1633 1301 Cristianissim0‚

259 1353 353 1398 come
376 1326 428 1416 pel
451 1324 567 1393 ducato
596 1321 627 1389 di
650 1321 770 1388 Milano
803 1331 834 1387 et
864 1319 903 1386 de
933 1317 962 1384 la
984 1318 1185 1385 restitutione
1213 1317 1252 1385 de
1277 1319 1390 1386 Cervia
1419 1333 1450 1389 et
1473 1323 1634 1407 Ravenna,

259 1434 375 1525 perche
398 1430 547 1512 intendo,
577 1430 635 1496 che
658 1426 781 1494 benche
805 1427 906 1492 inanzi
937 1422 958 1491 il
981 1425 1104 1491 ritorno
1128 1423 1180 1491 del
1203 1423 1324 1512 prelato
1349 1427 1499 1497 mandato
1529 1454 1546 1497 a
1569 1431 1636 1499 Ma-

261 1541 353 1610 dama
375 1537 570 1626 Margherita
600 1537 631 1601 in
654 1533 771 1600 Franza
799 1555 866 1599 non
890 1554 924 1598 se
948 1531 992 1597 sia
1016 1532 1251 1599 communicata
1277 1531 1306 1599 la
1329 1556 1404 1601 cosa
1433 1534 1483 1601 alli
1506 1539 1637 1620 oratori,

261 1647 461 1715 nondimeno
479 1643 537 1712 che
553 1666 608 1730 per
632 1639 718 1708 buon
742 1637 843 1705 modo
867 1638 1053 1724 interrogati
1075 1638 1148 1704 tutti
1171 1637 1373 1726 applaudono
1397 1664 1414 1708 a
1438 1643 1515 1730 ogni
1535 1643 1635 1711 modo

262 1755 320 1823 che
344 1754 370 1819 si
393 1752 497 1820 truovi
520 1771 576 1838 per
599 1748 695 1815 haver
718 1768 809 1834 pace,
838 1763 869 1811 et
893 1743 965 1810 ch'il
989 1743 1238 1811 Cristianissimo
1262 1749 1287 1812 sl
1315 1744 1355 1813 da
1377 1746 1398 1812 li
1421 1750 1491 1815 suoi
1519 1752 1638 1817 oratori

263 1861 302 1929 da
324 1859 471 1939 Venetia,
495 1878 589 1924 come
614 1852 652 1921 da
675 1850 768 1942 quelli
793 1849 824 1917 di
847 1848 920 1939 quel
942 1847 1045 1916 Illmo.
1070 1849 1228 1917 Dominio
1253 1851 1307 1934 ha,
1336 1852 1405 1921 che
1429 1855 1639 1923 Venetiani

263 1989 341 2033 non
361 1984 620 2032 recuseranno
637 1959 744 2027 detta
761 1957 1027 2025 restitutione.
1059 1955 1148 2023 Vero
1166 1960 1194 2039 t,
1211 1958 1269 2024 che
1286 1957 1518 2028 dimandavano
1535 1985 1639 2030 essere

265 2071 383 2139 liberati
406 2070 510 2137 daun
536 2087 599 2134 200
622 2065 696 2132 mila
720 2062 834 2144 ducati,
858 2062 917 2130 che
941 2060 1090 2129 debbono
1114 2062 1142 2129 al
1159 2063 1407 2133 Cristianissimo
1430 2090 1487 2156 per
1510 2067 1539 2136 le
1563 2092 1639 2136 con-

234 2222 237 2227 ·
266 2177 429 2246 tributioni
454 2175 512 2242 che
536 2172 704 2240 dovevano
728 2168 801 2236 lare.
848 2169 885 2235 Et
915 2167 1038 2235 benche
1061 2179 1174 2256 questo
1205 2180 1325 2237 tentare
1357 2171 1388 2238 di
1411 2195 1488 2260 pace
1511 2176 1640 2262 pervia

266 2284 298 2353 di
321 2281 468 2350 Madama
490 2278 682 2366 Margherita
712 2298 780 2342 non
810 2275 855 2341 sia
884 2296 978 2341 senza
1001 2274 1182 2362 suspicione
1206 2274 1265 2342 che
1295 2277 1340 2343 sia
1363 2300 1437 2345 cosa
1461 2302 1555 2363 vana,
1583 2303 1641 2369 pur
1692 2352 1696 2361 .

266 2388 399 2457 intendo
423 2409 479 2476 per
502 2384 609 2453 buona
624 2384 683 2464 via,
708 2381 766 2449 che
789 2380 833 2469 gli
857 2383 874 2447 t
898 2379 1029 2468 qualche
1052 2377 1272 2463 fundamento,
1296 2395 1328 2451 et
1350 2383 1396 2451 fra
1418 2386 1514 2473 pochi
1536 2390 1641 2474 giorni

267 2518 360 2585 spero
384 2517 424 2561 ne
448 2514 573 2559 saremo
590 2489 686 2557 chiari
710 2499 741 2555 et
756 2487 820 2553 Dio
844 2483 960 2574 voglia,
985 2484 1043 2552 che
1066 2487 1093 2552 si
1109 2486 1286 2555 conducta
1309 2490 1440 2578 qualche
1463 2491 1550 2560 buon
1565 2493 1641 2578 fine,

268 2614 300 2670 et
315 2601 451 2668 omnino
475 2599 520 2664 mi
542 2596 662 2686 pareria
686 2593 789 2662 molto
812 2592 840 2660 al
863 2593 1040 2681 proposito,
1064 2592 1123 2660 che
1147 2593 1175 2659 la
1191 2617 1266 2661 cosa
1288 2597 1315 2661 si
1330 2595 1449 2665 facesse
1472 2622 1527 2686 per
1544 2623 1641 2667 mano

269 2719 305 2776 et
328 2730 398 2775 con
422 2704 589 2773 autoritd
612 2701 648 2769 di
663 2702 738 2768 Sua
754 2697 1019 2781 Beatitudine;
1044 2698 1103 2766 che
1119 2699 1246 2788 quando
1269 2725 1325 2790 per
1341 2702 1417 2771 altra
1432 2706 1481 2772 via
1500 2708 1642 2794 seguisse

269 2810 455 2895 concordia,
481 2806 633 2899 potrebbe
657 2809 809 2895 importat
833 2805 936 2873 molto
960 2826 992 2873 et
1015 2817 1104 2873 tanto
1128 2807 1196 2894 piu,
1225 2830 1259 2874 se
1282 2821 1391 2897 questa
1413 2811 1535 2880 Maesta
1557 2812 1642 2881 fusse

269 2920 484 2988 malcontenta
508 2914 539 2983 di
562 2914 625 2982 Sua
647 2913 767 2982 Santita
790 2914 822 2979 in
845 2925 954 3002 questa
978 2935 1070 2979 causa
1093 2913 1341 2998 matrimoniale,
1372 2915 1400 2983 la
1423 2918 1513 3007 quale
1543 2943 1599 3008 per
1622 2921 1644 2987 il

269 3026 442 3117 procedere
465 3025 497 3091 in
522 3045 591 3089 essa
613 3021 689 3087 Dio
713 3042 789 3086 non
812 3018 958 3106 voglia‚
989 3041 1055 3086 non
1079 3021 1163 3108 porti
1186 3020 1317 3109 qualche
1341 3022 1603 3095 interturbatione
1626 3052 1643 3095 a

268 3148 357 3201 tauto
382 3130 472 3198 bene.

375 3254 519 3343 Hoggit
542 3253 655 3340 giunto
678 3251 732 3338 qui
750 3272 816 3317 uno
834 3248 984 3317 mandato
1001 3248 1039 3317 da
1055 3249 1202 3318 Madama
1218 3253 1425 3341 Margherita;
1449 3255 1533 3325 forse
1552 3279 1644 3346 porta

270 3363 380 3431 alcuna
408 3383 482 3428 cosa
506 3360 587 3426 circa
615 3356 643 3424 la
666 3379 759 3445 pace,
793 3367 824 3423 et
851 3355 883 3422 lo
908 3367 1035 3423 oratore
1064 3354 1251 3439 diCesare,
1283 3383 1424 3429 vescovo
1455 3364 1486 3429 di
1509 3364 1643 3453 Burgus,

271 3469 340 3536 ch’e
363 3469 478 3557 partito
502 3488 558 3553 per
580 3467 715 3531 ritornar
738 3463 771 3529 in
787 3463 922 3550 Spagna,
946 3463 1045 3547 scrive
1070 3460 1108 3529 da
1126 3463 1228 3547 Cales,
1253 3465 1348 3534 haver
1371 3467 1481 3537 lettere
1505 3470 1545 3538 de
1564 3473 1643 3539 XXI

272 3574 398 3663 d'aprile
423 3571 462 3639 da
478 3572 606 3652 Cesare,
630 3570 689 3637 che
711 3568 755 3656 gli
778 3580 964 3651 commette,
989 3567 1047 3635 che
1070 3571 1197 3657 procuri
1220 3594 1277 3659 per
1300 3571 1320 3638 il
1341 3597 1451 3643 mezzo
1475 3575 1506 3643 di
1530 3592 1644 3668 questo

272 3681 367 3749 Rmo.
392 3690 423 3746 et
446 3689 555 3767 questa
578 3676 699 3743 Maesti
722 3673 752 3741 di
777 3674 872 3741 havet
895 3673 981 3741 salvo
1006 3673 1163 3743 condotto
1188 3675 1226 3743 da
1246 3677 1361 3747 Franza
1386 3679 1417 3749 di
1441 3696 1534 3770 poter
1557 3710 1645 3754 man·

273 3783 346 3852 dare
369 3785 421 3872 qui
445 3805 488 3850 un
511 3804 570 3849 suo
595 3792 731 3863 oratore,
755 3780 904 3847 accioche
919 3781 1038 3868 venghi
1061 3782 1114 3868 piu
1137 3794 1245 3869 presto
1262 3784 1334 3851 ch'il
1358 3809 1423 3853 nou
1448 3787 1574 3858 farebbe
1589 3816 1646 3881 per

273 3889 293 3956 li
316 3888 446 3978 pericoli
471 3901 502 3957 et
524 3889 574 3956 via
597 3886 648 3956 del
671 3908 767 3954 mare.

378 4032 421 4098 Di
444 4027 656 4112 Richemond‚
681 4049 732 4096 22.
757 4029 831 4095 maii
858 4048 950 4114 1529.

765 4188 820 4255 Uti
843 4186 925 4254 filius
948 4187 1162 4258 deditissimus

1148 4317 1214 4411 lL.
1239 4318 1311 4387 Car.
1337 4321 1541 4412 Campegius.

486 4505 572 4561 Nunz.
595 4506 621 4559 di
644 4503 736 4560 Germ.
758 4521 798 4574 53,
822 4505 839 4561 f.
862 4507 919 4577 185.
956 4508 1132 4579 Eingelaufen
1155 4528 1198 4565 am
1224 4527 1265 4566 21.
1289 4513 1357 4584 Juni.
1394 4515 1519 4584 Theiner,
1543 4537 1568 4590 p.
1591 4521 1648 4588 581.

382 4597 438 4649 Der
456 4594 611 4649 haiserliche
629 4593 766 4648 Gesandte
785 4595 811 4649 iu
830 4595 965 4667 England,
989 4597 1066 4669 lnigo
1086 4598 1118 4652 de
1137 4599 1280 4667 Mendoza‚
1307 4602 1449 4657 erwthlter
1467 4604 1580 4661 Bischof
1594 4626 1648 4663 von

382 4686 495 4756 Burgos,
514 4685 587 4738 hatte
600 4700 690 4756 gegen
708 4684 785 4738 Mitte
797 4684 870 4737 Mirz
886 4699 954 4757 1529
972 4687 1046 4740 seine
1058 4686 1233 4759 Abberufung
1252 4689 1370 4743 erhalten
1390 4691 1444 4745 und
1462 4693 1540 4748 sollte
1559 4712 1649 4768 gegen

383 4774 425 4828 die
445 4773 601 4845 englischen
620 4772 775 4827 Gesandten
799 4773 972 4844 hispanico,
993 4773 1123 4829 Ghinucci
1142 4777 1195 4829 und
1213 4776 1281 4843 Lee,
1300 4778 1438 4849 ausgelost
1456 4781 1580 4849 werden3
1610 4786 1649 4838 in-

385 4861 481 4916 dessen
499 4861 631 4916 verschob
650 4862 707 4915 sich
726 4862 800 4916 scine
818 4862 931 4915 Abreise
952 4863 991 4916 bis
1010 4863 1036 4916 in
1056 4863 1107 4917 den
1126 4864 1191 4932 Mai,
1216 4864 1270 4918 und
1288 4874 1372 4920 etwas
1390 4872 1487 4938 spiter,
1506 4870 1566 4941 Juni
1585 4873 1651 4928 oder

385 4950 444 5021 Juli‚
463 4951 556 5004 kehrte
569 4966 597 5003 er
615 4949 685 5003 doch
704 4966 803 5020 wegen
816 4949 862 5003 der
875 4949 1219 5023 Friedensverhandlungen
1232 4953 1332 5008 wieder
1350 4954 1398 5008 auf
1407 4956 1495 5027 einige
1508 4958 1564 5012 Zeit
1582 4961 1651 5014 nach

334 5071 583 5123 utres.1tomtnouo
599 5073 758 5119 bonomonte.
1506 5088 1517 5126 t
