3820 5592
252 385 316 441 1527
334 369 393 442 Juti.

248 531 372 620 gravior
395 529 532 618 pervasit
556 527 659 614 dolor,
684 554 779 621 quam
795 555 868 599 cum
892 529 1083 612 audiremus
1108 530 1231 598 Romae
1248 551 1314 596 non
1339 525 1440 596 modo
1465 525 1620 594 incendiis

247 637 362 726 rapinis
384 637 498 725 stupris
522 634 732 727 caedibusque
757 637 895 706 humana
911 638 1020 704 omnia
1042 635 1157 704 violata
1181 636 1256 718 iura,
1280 632 1337 702 sed
1360 634 1393 701 in
1409 633 1515 702 Deum
1539 655 1620 722 quo-

248 766 309 834 que
332 742 411 830 Opt.
440 742 526 809 Max.
555 742 592 809 ab
616 742 664 810 his
687 744 841 812 saevitum
871 766 950 811 esse.
1001 740 1131 810 Illorum
1162 742 1247 808 enirn
1276 739 1386 808 sceleri
1414 762 1469 828 par
1496 761 1618 806 nomen

248 873 314 917 non
337 850 523 938 reperimus,
547 871 683 937 quorum
710 849 831 917 inflexit
855 860 981 917 mentes
1004 870 1072 915 non
1095 846 1218 935 publica
1242 848 1344 937 quies,
1369 869 1436 913 non
1460 845 1619 912 maiorum

248 955 403 1037 instituta,
431 977 499 1020 non
523 955 622 1043 pietas
646 953 720 1037 ulla,
749 957 826 1044 quin
850 978 923 1022 cum
947 977 1076 1022 summo
1106 955 1175 1041 ipso
1199 951 1370 1035 Pontifice,
1398 974 1476 1019 vero
1500 951 1619 1019 Christi

247 1062 362 1129 vicario
386 1058 586 1127 venerandos
609 1061 763 1129 antistites
793 1059 899 1128 multis
923 1059 1054 1127 affectos
1078 1058 1295 1140 contumeliis,
1325 1055 1438 1147 opibus
1466 1056 1618 1146 spoliatos

247 1166 395 1235 omnibus
418 1167 506 1257 quasi
530 1165 639 1234 hostes
663 1167 695 1233 in
719 1168 904 1235 servitutem
928 1164 1074 1234 redactos
1097 1164 1271 1248 voluerint3
1295 1163 1382 1255 quod
1405 1186 1483 1233 vero
1507 1164 1618 1229 imma·

247 1273 395 1340 nissimae
418 1273 569 1362 cuiusque
597 1274 751 1355 nationis,
782 1271 901 1342 nedum
930 1272 1174 1341 christianorum
1203 1271 1372 1338 hominum
1401 1269 1540 1339 fitrorem
1569 1292 1618 1337 re·

247 1380 396 1468 pressisse
420 1391 451 1447 et
474 1379 577 1468 potuit
601 1395 633 1447 et
648 1378 765 1463 debuit,
789 1380 884 1448 sacris
897 1390 1080 1447 sanctorum
1105 1377 1233 1465 direptis
1255 1376 1394 1445 donariis
1417 1375 1617 1466 disiectisque

246 1508 302 1573 per
325 1484 491 1553 ludibrium
508 1484 660 1576 reliquiis:
686 1487 930 1554 sacratissimum
955 1497 989 1553 ut
1011 1482 1109 1552 sertur
1125 1484 1243 1552 Christi
1267 1506 1393 1572 corpus,
1416 1483 1504 1551 illum
1520 1485 1615 1560 etiam

246 1594 444 1680 sanguinem,
468 1614 533 1680 quo
555 1593 683 1680 generis
706 1593 837 1660 humani
859 1590 1024 1681 redempta
1039 1590 1175 1658 creditur
1198 1589 1290 1673 salus,
1314 1591 1527 1679 impurissime
1543 1613 1617 1678 pto·

245 1697 357 1786 phanis
379 1696 550 1787 polluerint
572 1696 727 1766 manibus.
767 1699 875 1780 Quam
900 1697 1029 1787 quidem
1051 1710 1116 1765 tam
1133 1709 1274 1764 atrocem
1298 1698 1443 1765 iniuriam
1467 1694 1505 1764 ad
1529 1720 1617 1764 sanc·

245 1805 437 1873 tissimatum
460 1803 535 1872 fidei
558 1805 730 1873 catholicae
753 1804 862 1894 legum
890 1806 1052 1873 interitum
1075 1814 1272 1892 spectantem
1301 1803 1469 1893 qualmvlis
1493 1813 1616 1870 ceteros

248 1909 435 1978 christianos
458 1912 615 2000 principes
639 1911 770 1979 inultam
795 1913 1059 2001 irreparatamque
1082 1908 1136 1977 diu
1159 1933 1226 1977 non
1250 1932 1398 1998 passuros
1421 1907 1616 1992 arbitramur,

246 2039 286 2084 eo
309 2016 437 2106 quidem
454 2019 555 2107 magis
578 2036 646 2085 tum
670 2041 854 2085 amoerore
872 2040 1060 2100 recreamur,
1085 2029 1154 2085 tum
1175 2016 1322 2084 libentius
1346 2027 1526 2084 nostrarum
1548 2038 1617 2084 esse

245 2124 379 2211 partium
403 2124 623 2211 agnoscimus,
646 2125 700 2213 qui
723 2123 985 2192 christianissimi
1013 2123 1105 2192 titulo
1135 2124 1234 2190 simus
1257 2120 1414 2210 insigniti,
1442 2123 1517 2190 totis
1541 2122 1617 2189 eniti

245 2227 370 2313 viribus,
394 2240 429 2297 ut
451 2230 703 2319 antiquissimam
718 2227 918 2298 labefactatae
941 2229 1103 2317 religionis
1126 2227 1237 2296 sedem
1256 2229 1414 2295 maiorum
1430 2247 1616 2295 nostrorum

244 2358 336 2402 more
358 2336 391 2402 in
414 2336 578 2425 pristinam
601 2333 800 2404 vindicemus
824 2335 1022 2424 dignitatem.
1070 2336 1169 2403 Cuius
1193 2333 1321 2424 quidem
1345 2335 1390 2401 rei
1407 2335 1441 2401 in
1456 2356 1547 2422 spem
1569 2334 1617 2400 in-

244 2440 406 2530 gredimur
440 2443 627 2526 maximam,
662 2466 736 2510 cum
774 2440 1076 2524 animadvertamus,
1114 2454 1183 2510 tum
1219 2441 1444 2508 Paternitatem
1467 2440 1616 2507 Vestram

244 2548 387 2631 Rmam.,
417 2566 486 2616 tum
523 2548 601 2616 alios
626 2548 799 2617 nonnullos
822 2572 968 2616 summos
992 2549 1146 2616 antistites
1171 2546 1310 2635 collegas
1332 2565 1457 2614 vestros
1485 2568 1503 2612 a
1524 2555 1615 2612 tanto

244 2653 384 2742 periculo
408 2652 518 2722 divino
541 2654 633 2744 plane
656 2653 774 2723 iudicio
797 2667 954 2735 servatos,
978 2667 1013 2723 ut
1042 2667 1148 2723 essent
1177 2654 1265 2744 quasi
1294 2651 1433 2720 collectis
1464 2650 1616 2738 naufragii

243 2759 364 2843 tabulis,
387 2783 523 2850 quotum
548 2760 644 2829 ductu
666 2762 851 2830 auctoritate
875 2773 907 2830 et
930 2761 1064 2829 consilio
1088 2762 1257 2828 instaurata
1280 2759 1365 2827 Petri
1387 2757 1529 2826 navicula
1548 2769 1616 2825 tan·

245 2863 317 2932 dem
340 2866 374 2932 in
397 2877 492 2955 portu
515 2864 619 2956 aliquo
644 2867 841 2935 consisteret.
887 2865 950 2935 Sed
973 2869 1045 2957 quia
1073 2867 1099 2932 is
1131 2877 1179 2933 est
1201 2887 1309 2933 rerum
1332 2876 1446 2946 status,
1476 2873 1510 2930 ut
1538 2861 1617 2935 nibil

246 2973 350 3038 minus
374 2994 467 3061 quam
499 2994 605 3040 moras
633 2970 791 3056 admittat,
820 2985 888 3041 tum
918 2974 1014 3041 vestri
1038 2971 1174 3055 ordinis,
1202 2971 1242 3039 ad
1270 2994 1366 3061 quem
1394 2993 1431 3038 ea
1460 2969 1616 3057 imprimis

244 3100 316 3146 cura
338 3079 491 3167 pertinet,
521 3077 697 3149 admodum
726 3091 817 3168 egeat
851 3091 1028 3163 conventu,
1064 3080 1190 3148 Rmam.
1227 3076 1363 3167 proinde
1390 3076 1614 3144 Paternitatem

242 3184 390 3253 Vestram
415 3185 509 3252 etiam
533 3196 626 3276 atque
654 3187 749 3255 etiam
777 3208 943 3274 rogamus,
970 3198 1005 3254 ut
1027 3186 1230 3254 Avenionem
1257 3196 1326 3253 tum
1355 3185 1519 3272 copiosam
1546 3194 1617 3250 tum

244 3289 392 3359 omnibus
416 3291 562 3359 omnium
586 3291 760 3360 rationibus
788 3291 1155 3367 accommodatissimam
1183 3292 1281 3359 vestri
1308 3292 1383 3358 iuris
1411 3289 1522 3358 urbem
1546 3311 1615 3357 sese

244 3395 395 3480 conferat,
426 3420 492 3487 quo
528 3421 568 3466 eo
599 3398 632 3465 in
660 3397 734 3466 loco
765 3400 931 3466 communi
960 3410 1067 3467 vestro
1091 3398 1259 3467 Rmotum.
1292 3395 1494 3464 cardinalium
1526 3396 1616 3462 Sere·

243 3502 428 3592 nissimique
444 3502 578 3591 Angliae
596 3504 681 3592 regis
703 3503 806 3571 fratris
821 3505 923 3573 nostri
943 3505 1105 3586 carissimi,
1121 3501 1211 3586 flidei
1228 3500 1418 3594 defens]oris
1442 3524 1477 3569 ac
1502 3518 1615 3567 nostro

244 3607 376 3675 consilio
411 3631 556 3677 summae
585 3611 632 3677 tei
663 3609 872 3678 ecclesiastice
902 3623 934 3679 et
968 3622 1089 3678 mature
1125 3608 1248 3678 consuli
1283 3627 1314 3676 et
1347 3609 1452 3696 primo
1487 3629 1616 3697 quoque

243 3726 388 3803 tempore
415 3713 574 3783 subveniri
607 3717 718 3804 possit.
766 3715 866 3799 Quod
900 3715 986 3785 idem
1024 3740 1098 3784 cum
1125 3739 1181 3805 per
1209 3715 1327 3783 litteras
1359 3714 1486 3805 reliquis
1514 3714 1613 3784 Rmis.

243 3820 430 3889 antistitibus
454 3820 747 3910 significaverimus,
771 3822 927 3913 reliquum
951 3842 1009 3906 est,
1033 3835 1068 3891 ut
1090 3844 1282 3912 quamquam
1304 3821 1353 3889 vel
1377 3821 1540 3889 voluntate
1562 3819 1613 3889 vel

244 3927 408 4015 prudentia
430 3938 534 3995 vestra
556 3929 690 3996 minime
714 3927 896 4012 diffidimus,
919 3941 1027 3997 tamen
1051 3930 1123 4020 quia
1145 3928 1310 4017 singularis
1334 3926 1488 4019 quaedam
1505 3939 1614 3995 nostra

243 4035 276 4100 in
291 4032 406 4101 Sedem
423 4034 644 4122 Apostolicam
660 4035 702 4101 ita
724 4034 836 4103 suadet
859 4033 1068 4117 observantia,
1092 4035 1218 4123 [iterum
1243 4039 1369 4118 omlnes
1392 4032 1558 4101 hortemur
1573 4030 1613 4099 ad

243 4150 362 4207 tantam
384 4162 454 4207 rem
476 4139 692 4228 praesentibus
720 4141 948 4229 capessendam
971 4142 1100 4225 animis3
1130 4152 1284 4230 quantum
1313 4140 1400 4207 enim
1427 4140 1613 4206 auctoritate

243 4243 359 4313 viribus
381 4243 487 4314 studio
510 4258 603 4336 atque
627 4269 724 4335 opera
747 4248 900 4336 consequi
922 4247 1108 4336 poterimus,
1131 4247 1335 4335 gravissimae
1358 4245 1431 4313 huic
1454 4242 1547 4313 simul
1566 4244 1612 4333 [ac

244 4348 383 4441 sanctae
405 4374 515 4419 causae
538 4375 695 4442 nusquam
719 4376 858 4442 unquam
882 4351 1046 4422 defuturos
1069 4377 1131 4421 nos
1153 4351 1350 4442 pollicemur.

348 4474 480 4567 Dat[um
503 4477 679 4566 Parrlhisiis
701 4475 753 4546 die
777 4498 828 4565 25.
852 4481 972 4546 mensis
996 4478 1068 4564 Julii
1096 4497 1188 4566 1527.

664 4585 825 4674 Francoys
1340 4581 1504 4650 Robettet.

449 4740 530 4796 Arch.
553 4741 613 4795 Vat.
650 4742 727 4798 lustr.
764 4742 839 4796 Misc.
875 4742 950 4797 Arm
973 4742 1021 4799 IX.
1045 4760 1116 4814 caps.
1142 4757 1164 4796 1.
1189 4759 1215 4796 n.
1236 4755 1294 4795 202.
1332 4738 1417 4811 Orig,
1442 4739 1549 4809 Papier,
1577 4756 1612 4793 an

349 4829 416 4884 zwei
438 4828 538 4884 Stellen
563 4829 763 4899 durchlbchert,
787 4831 908 4885 daneben
935 4831 994 4884 eine
1017 4828 1168 4897 Abschrist,
1187 4827 1296 4902 ,welche
1318 4826 1416 4899 jedoch
1438 4827 1481 4880 die
1503 4825 1610 4881 Luclren

348 4916 525 4989 unausgefflllt
547 4916 616 4973 laist.
652 4918 704 4973 Die
722 4918 839 4974 Adresse
857 4926 940 4973 neunt
963 4918 1015 4973 den
1035 4917 1160 4972 Kardinal
1182 4918 1231 4972 mit
1253 4915 1356 4971 seinem
1379 4914 1469 4970 vollen
1491 4913 1611 4970 Namen:

342 5003 427 5060 Rmo.
450 5006 476 5059 in
495 5005 605 5061 Christo
622 5007 693 5062 Patri
712 5006 826 5062 Nicolao
844 5007 877 5061 de
896 5006 1043 5078 Rodulphis
1063 5014 1114 5060 etc.
