3820 5592
1421 352 1573 408 Dezember
1593 366 1668 422 1527.

950 568 1013 652 10.

298 739 536 829 Campeggio
560 764 600 807 an
624 740 807 810 Clemens
832 744 900 810 Vll.
947 743 1032 811 Rom
1058 741 1303 832 (Engelsburg),
1332 765 1379 831 14.
1396 742 1550 811 Dezemb.
1574 761 1666 829 1527.

403 917 542 971 Recbtliche
555 919 834 991 Ameinaadersatzung
851 921 893 974 des
907 921 1060 985 Kardinols,
1078 922 1128 973 wie
1144 921 1187 973 die
1204 920 1329 991 engliscbe
1342 921 1465 974 Ebesache
1482 939 1512 990 ru
1530 921 1668 973 habandein

296 1006 340 1068 sei,
358 1008 385 1074 je
410 1007 530 1060 nochdem
552 1007 604 1061 sich
626 1009 668 1062 die
690 1027 742 1062 von
767 1009 843 1080 Popst
864 1009 947 1078 Julius
971 1009 1006 1062 ll.
1030 1010 1127 1062 crteilte
1145 1008 1267 1081 Dispense
1290 1011 1328 1063 als
1349 1011 1437 1081 galtig
1461 1010 1523 1063 oder
1548 1009 1668 1079 ungtltig

296 1094 405 1145 emutire.
443 1093 493 1147 Am
512 1095 591 1149 beaten
615 1102 686 1150 wrirc
706 1097 775 1151 wohl
796 1099 838 1151 die
859 1098 982 1168 sosortige
1001 1097 1148 1151 Avokation
1171 1097 1217 1150 der
1236 1096 1314 1150 Socha
1332 1115 1367 1151 on
1389 1099 1432 1151 die
1450 1098 1533 1150 Kurie
1557 1098 1584 1149 in
1605 1096 1667 1150 Rom

297 1180 351 1232 und
368 1179 555 1254 Entscbcidung
573 1185 678 1238 daselbst
692 1203 762 1256 gan(
779 1186 843 1239 nach
857 1184 971 1239 Ausweis
987 1187 1034 1239 der
1051 1184 1204 1238 kirchlr'cben
1216 1185 1456 1257 Ehrgesrtqgebung.

583 1326 722 1394 Beatme.
746 1327 795 1393 Pr.
820 1339 893 1415 post
917 1338 1099 1396 sanctorum
1123 1325 1242 1414 pedum
1266 1326 1382 1394 oscula.

403 1464 462 1531 Dal
479 1465 556 1535 Rev.
574 1458 731 1536 'Generale
747 1467 867 1535 ordinis
889 1469 1051 1536 minorum
1069 1467 1286 1536 observantiae
1309 1490 1368 1553 pro
1391 1478 1478 1555 parte
1502 1466 1534 1534 di
1550 1468 1667 1533 Vostra

296 1568 415 1637 Sanun
439 1573 482 1638 mi
507 1577 524 1640 ὲ
547 1586 629 1641 stato
653 1586 809 1663 proposto
832 1574 937 1664 quello
962 1598 1036 1642 caso
1061 1575 1303 1656 matrimoniale,
1328 1585 1359 1642 et
1382 1573 1468 1640 hami
1491 1572 1666 1640 ricerchato

296 1695 353 1761 per
375 1678 680 1748 commandameuto
704 1704 774 1765 suo,
798 1681 882 1750 ch’io
907 1680 927 1748 li
944 1680 994 1749 dia
1017 1682 1104 1749 aviso
1122 1680 1173 1748 del
1188 1703 1279 1769 parer
1303 1681 1380 1763 mio,
1405 1698 1436 1748 et
1461 1698 1667 1769 quantunque

297 1779 415 1848 Vostra
431 1783 628 1855 Beatitudine
645 1787 738 1855 habbi
753 1811 904 1876 appresso
922 1787 953 1855 di
969 1811 1004 1856 se
1020 1811 1157 1876 persone
1178 1787 1237 1854 che
1253 1786 1372 1874 meglio
1397 1785 1428 1853 di
1452 1809 1505 1853 me
1520 1787 1666 1874 sapriano

298 1888 477 1957 consultarli
502 1891 523 1958 il
546 1904 639 1976 tutto,
661 1879 722 1982 pur
745 1918 801 1984 per
825 1894 965 1962 obedirla
988 1894 1009 1961 li
1033 1893 1102 1961 diro
1126 1912 1245 1984 quanto
1262 1894 1307 1960 mi
1330 1915 1462 1961 occorre
1486 1904 1573 1960 sotto
1598 1915 1667 1959 cor·

298 1994 440 2061 rectione
464 1996 494 2064 di
511 1998 630 2068 Vostra
652 2001 772 2069 Santita
795 2013 827 2068 et
850 2000 1014 2069 cuiuslibet
1037 2000 1150 2068 melius
1174 2000 1349 2068 sentientis.

402 2101 444 2168 Se
468 2103 595 2193 quando
620 2118 827 2174 contrasseno
856 2108 1078 2189 matrimonio,
1107 2105 1201 2174 furno
1224 2107 1361 2194 expressi
1386 2105 1406 2171 li
1433 2103 1666 2193 impedimenti,

298 2204 357 2272 che
380 2206 565 2293 obstavano,
589 2224 620 2279 et
643 2212 671 2280 la
694 2212 929 2302 dispensatione
953 2211 1140 2296 sufficiente,
1164 2225 1277 2302 questo
1307 2235 1381 2281 caso
1405 2235 1471 2279 non
1496 2210 1536 2278 ha
1559 2208 1666 2292 dubi0,

298 2310 357 2379 che
380 2312 400 2380 il
424 2319 631 2386 matrimonio
654 2317 686 2386 fu
711 2331 742 2387 et
766 2324 783 2387 e
811 2319 927 2404 valido,
951 2343 1010 2387 nec
1033 2319 1137 2387 dirimi
1161 2330 1267 2408 potest
1289 2318 1393 2408 aliquo
1418 2316 1528 2385 modo.

403 2419 455 2488 Sel
482 2446 516 2489 se
543 2446 808 2514 presupponesse,
839 2427 898 2494 che
926 2426 947 2493 li
975 2425 1196 2514 impedimenti
1226 2450 1293 2493 non
1323 2423 1454 2493 fusseno
1485 2424 1556 2491 stati
1585 2422 1666 2490 bene

298 2528 447 2611 expressi,
471 2532 512 2596 ne
536 2529 564 2596 la
587 2529 823 2620 dispensatione
846 2531 1033 2616 sufficiente,
1058 2556 1125 2600 non
1149 2536 1166 2600 e
1191 2531 1304 2614 dubi0,
1332 2531 1391 2598 che
1415 2529 1436 2597 il
1459 2529 1666 2598 matrimonio

298 2652 364 2697 non
388 2630 420 2699 fu
444 2633 548 2703 valido
573 2649 604 2705 et
627 2661 721 2706 senza
735 2639 876 2728 legitima
900 2638 1136 2729 dispensatione
1160 2663 1226 2706 non
1250 2640 1293 2726 pb
1309 2640 1469 2718 susistere,
1493 2658 1545 2703 ma
1560 2635 1666 2723 potius

298 2733 454 2806 diceretur
477 2742 722 2812 contubernium
746 2769 842 2835 quam
866 2747 1117 2813 matrimonium.
1164 2745 1203 2813 Et
1230 2743 1346 2832 perche
1370 2742 1390 2809 il
1412 2740 1533 2831 prefato
1561 2741 1606 2807 mi
1628 2740 1667 2806 ri-

298 2843 410 2911 cercha
433 2847 543 2933 prima,
567 2872 601 2916 se
625 2850 743 2918 Vostra
759 2851 879 2919 Santitt
900 2851 932 2918 lo
953 2854 996 2940 pb
1019 2850 1165 2933 validare,
1189 2848 1343 2939 rispondo
1368 2849 1426 2916 che
1451 2848 1568 2916 Vostra
1590 2846 1667 2914 San-

297 2947 353 3014 tita
368 2950 411 3036 pd
428 2949 509 3020 bene
525 2978 564 3020 ex
580 2978 664 3022 nunc
681 2954 757 3023 darli
779 2955 955 3025 sufficiente
972 2955 1208 3046 dispensatione
1214 2983 1223 3040 ;
1247 2980 1299 3023 ma
1313 2956 1510 3045 presuposita
1526 2951 1665 3020 nullitate

297 3056 493 3124 matrimonii
515 3060 584 3127 sine
608 3084 696 3129 novo
713 3086 872 3130 consensu
896 3087 963 3130 non
983 3075 1067 3132 esset
1082 3064 1333 3145 matrimonium,
1357 3065 1398 3129 ne
1414 3062 1531 3128 Vostra
1547 3058 1668 3126 Santita

297 3162 340 3248 pb
363 3160 438 3246 lare,
462 3165 521 3232 che
544 3167 584 3234 sit
608 3169 864 3251 matrimonium,
893 3171 1009 3237 sinon
1038 3170 1240 3238 consentiant
1270 3168 1503 3238 contrahentes.
1549 3164 1666 3233 Dubita

298 3265 318 3332 il
340 3268 462 3355 prefato
485 3271 628 3341 secundo
650 3273 736 3357 loco,
766 3299 801 3343 se
824 3277 942 3344 Vostra
965 3277 1086 3344 Santitt
1108 3278 1151 3365 pb
1175 3275 1335 3343 annullare
1358 3275 1437 3363 ogni
1460 3275 1515 3342 atti
1539 3284 1571 3341 et
1593 3293 1666 3360 pro-

298 3374 377 3440 cessi
399 3374 466 3444 fatti
481 3399 538 3465 per
560 3378 662 3447 alcuni
679 3379 772 3449 iudici
795 3383 828 3449 in
847 3394 958 3472 questa
980 3406 1072 3450 causa
1087 3381 1330 3450 matrimoniale.
1368 3381 1410 3449 Al
1426 3380 1484 3449 che
1500 3376 1665 3467 rispondo,

296 3502 365 3546 non
388 3504 474 3550 esser
497 3476 725 3569 conveniente,
748 3487 807 3555 che
830 3489 949 3556 Vostra
970 3489 1090 3557 Santita
1112 3487 1230 3555 annulli
1253 3486 1374 3578 quello,
1398 3485 1430 3554 di
1453 3486 1511 3554 che
1535 3508 1602 3552 non
1626 3485 1666 3551 ha

297 3588 418 3656 notitia.
464 3591 617 3659 Potriano
641 3611 709 3661 acta
733 3592 816 3661 nulla
839 3619 909 3662 esse
933 3619 971 3663 ex
995 3593 1119 3663 defectu
1136 3593 1361 3662 iurisdictionis
1385 3605 1416 3661 et
1439 3615 1457 3659 a
1479 3590 1565 3659 mille
1588 3591 1665 3659 altre

296 3691 404 3761 nullita
427 3695 597 3780 subiacere,
621 3700 769 3786 potriano
793 3701 888 3768 etiam
911 3700 1052 3769 laborare
1076 3702 1154 3769 vitio
1178 3701 1348 3791 iniquitatis
1372 3710 1404 3767 et
1426 3698 1610 3775 iniustitiae,
1634 3710 1665 3765 et

210 3820 213 3831 ·
296 3797 395 3866 multa
417 3799 475 3868 alia
490 3823 622 3889 possent
638 3828 838 3888 concurrere,
862 3830 942 3896 quae
958 3805 1063 3875 dicere
1078 3830 1145 3873 non
1166 3829 1336 3895 possumus
1343 3832 1352 3888 3
1376 3806 1476 3893 perhb
1499 3801 1665 3892 rispondo,

296 3903 355 3971 che
378 3906 551 3992 procedere
579 3933 636 3998 per
663 3923 772 3999 questa
794 3913 844 3979 via
872 3910 911 3980 de
940 3913 1099 3980 annullare
1122 3924 1191 3981 acta
1212 3935 1269 4001 per
1295 3910 1414 3979 iudices
1437 3923 1496 3978 etc.
1521 3932 1589 3977 non
1612 3933 1665 3977 me

295 4009 414 4093 satisfa,
443 4035 495 4079 ma
523 4014 581 4083 che
609 4016 721 4084 melius
745 4029 793 4085 est
815 4020 947 4087 transire
977 4019 1034 4087 alla
1056 4040 1140 4088 terra
1162 4017 1359 4086 dubitatione
1386 4017 1437 4085 vel
1464 4017 1569 4105 potius
1591 4038 1665 4104 pro·

294 4115 429 4199 visione,
460 4118 519 4187 che
549 4119 702 4189 Sanctitas
726 4123 840 4191 Vestra
863 4137 1010 4194 avocaret
1039 4124 1078 4192 ad
1107 4148 1141 4192 se
1166 4146 1292 4192 causam
1323 4124 1415 4191 istam
1449 4134 1479 4191 et
1508 4120 1665 4189 inhiberet

296 4221 533 4313 quibuscunque
557 4224 720 4311 iudicibus,
744 4252 785 4297 ne
808 4227 848 4297 ad
870 4229 1019 4298 ulteriora
1041 4229 1262 4320 procederent,
1291 4249 1322 4298 et
1345 4228 1416 4296 farsi
1440 4226 1571 4296 mandat
1592 4228 1666 4296 tutti

295 4329 360 4411 atti,
385 4328 444 4397 che
467 4353 551 4399 sono
579 4331 646 4401 fatti
677 4335 708 4401 in
733 4347 843 4424 questa
866 4359 974 4419 causa,
1003 4334 1032 4405 la
1061 4336 1152 4428 quale
1179 4360 1235 4426 per
1259 4359 1363 4405 essere
1391 4333 1486 4403 ardua
1510 4354 1541 4402 et
1564 4334 1609 4402 fra
1636 4334 1665 4401 le

294 4457 432 4523 persone
457 4437 515 4505 che
539 4441 567 4521 e,
592 4458 624 4507 et
647 4438 756 4529 doppo
778 4453 869 4510 tanto
893 4462 1014 4531 tempo,
1038 4443 1097 4512 che
1121 4454 1234 4511 mutuo
1250 4467 1285 4512 se
1308 4441 1484 4510 habuerunt
1503 4453 1665 4531 tamquam

294 4541 342 4607 vir
365 4553 397 4610 et
419 4566 509 4628 uxor,
533 4546 578 4612 mi
605 4547 725 4634 pareria
748 4570 810 4615 con
840 4547 944 4617 debita
971 4551 1146 4617 reverentia
1168 4548 1327 4618 ricordare
1355 4572 1372 4616 a
1394 4549 1513 4617 Vostra
1535 4547 1664 4629 Santita,

295 4646 353 4715 che
376 4647 456 4717 facta
478 4652 665 4720 avocatione
688 4652 809 4741 predita
832 4672 863 4722 et
886 4666 981 4743 posto
1005 4654 1132 4724 silentio
1155 4655 1393 4746 quibuscunque
1421 4652 1577 4723 iudicibus
1599 4652 1664 4721 fare

294 4751 409 4822 vedere
439 4754 710 4845 diligentemente,
733 4759 779 4827 sel
808 4761 1015 4829 matrimonio
1037 4759 1071 4829 fu
1093 4761 1195 4830 valide
1225 4772 1401 4843 contratto,
1424 4772 1456 4829 et
1486 4762 1519 4827 iu
1549 4770 1662 4849 questo

296 4882 369 4927 caso
393 4862 596 4951 interponere
619 4864 647 4932 la
670 4867 803 4933 autorita
818 4889 884 4949 sua,
909 4867 967 4934 che
990 4868 1044 4956 pili
1067 4890 1135 4936 non
1158 4868 1184 4935 si
1199 4867 1345 4957 parlasse,
1370 4890 1422 4935 ma
1442 4868 1665 4935 continuarent

295 4965 327 5032 in
352 4968 558 5037 matrimonio
581 4971 722 5060 legitime
739 4984 770 5040 et
785 4970 867 5041 bene
883 4986 1059 5056 contracto,
1083 4974 1225 5042 secundo
1245 4977 1354 5063 pareri
1368 4999 1386 5042 a
1401 4975 1520 5042 Vostra
1535 4973 1664 5058 Santitd,
