3802 5606
293 327 356 389 242
916 331 988 389 felix
1007 352 1062 389 von
1080 332 1160 389 Prato
1179 332 1243 388 iiber
1261 334 1303 388 die
1322 330 1416 406 papstl.
1436 328 1663 406 Dispensgewalt.

294 501 411 587 sipiens
443 496 549 589 (quod
577 493 673 585 absit)
706 495 834 563 fecerit?
859 497 967 561 —At
1000 493 1277 574 consuetudinem,
1309 497 1412 562 sorori
1437 491 1664 581 coniungendi,

292 605 493 693 reprobatam
521 601 784 691 contemplamur.
831 599 992 668 Pudorem
1025 600 1161 690 (inquit)
1192 602 1312 668 sororis
1341 613 1431 682 tuae,
1459 599 1540 667 filiae
1569 599 1664 687 patris

292 730 375 794 tuae,
399 711 450 778 vel
472 708 553 777 filiae
578 710 686 776 matris
714 721 804 790 tuae,
834 705 922 774 domi
950 708 1076 795 genitae
1105 709 1171 775 sive
1196 709 1404 789 extrinsecus,
1432 730 1474 774 ne
1502 704 1665 795 detegas.¹

292 818 387 899 Quae
419 815 512 884 verba
545 813 723 883 Chaldaeus
750 815 905 901 interpres
939 836 1104 901 exponens
1137 815 1194 881 ait:
1234 812 1395 881 Pudorem
1431 813 1549 880 sororis
1581 824 1664 893 tuae,

292 922 373 990 filiae
395 925 491 1012 patris
513 923 559 990 tui
582 921 632 989 vel
655 920 736 987 filiae
761 921 869 987 matris
891 932 973 1002 tuae,
999 918 1089 987 domi
1111 920 1248 1007 genitae,
1273 920 1336 987 hoc
1357 931 1459 987 estex
1482 938 1583 986 matre
1599 937 1662 1002 tua,

292 1032 358 1098 sive
382 1031 587 1110 extrinsecus,
612 1029 674 1095 hoc
699 1040 746 1095 est
769 1050 808 1095 ex
831 1027 889 1094 alia
911 1050 1011 1094 uxore
1034 1026 1083 1095 vel
1109 1025 1297 1109 concubina,
1320 1026 1369 1093 vel
1390 1026 1530 1094 vicissim
1553 1048 1595 1092 ne
1611 1024 1664 1092 de·

292 1149 390 1223 tegas.
436 1134 582 1204 Ducendi
605 1133 715 1202 itidem
740 1131 816 1200 duas
839 1154 967 1200 sorores
991 1133 1085 1200 simul
1108 1134 1252 1200 viventes
1276 1133 1307 1198 in
1324 1132 1564 1199 matrimonium
1588 1153 1664 1198 con-

293 1241 495 1310 suetudinem
519 1241 700 1329 abrogatam
725 1239 821 1308 fuisse
845 1240 1015 1308 cernimus.
1062 1240 1205 1307 Uxorem
1231 1262 1304 1307 cum
1328 1240 1395 1306 eius
1423 1260 1535 1305 sorore
1559 1238 1664 1325 oppri-

293 1348 401 1416 mendi
426 1372 527 1420 causa.
561 1360 595 1416 ut
617 1346 697 1414 illius
722 1346 851 1435 detegas
873 1345 1101 1434 turpitudinem
1131 1348 1164 1413 in
1187 1346 1283 1434 ipsius
1307 1357 1498 1433 conspectu,
1527 1344 1593 1431 ipsa
1620 1345 1664 1411 vi·

293 1467 398 1538 vente,
421 1479 462 1522 ne
486 1456 629 1543 accipias,
653 1455 705 1521 ait.
742 1452 802 1521 Vel
817 1455 849 1520 in
874 1452 1052 1542 pellicatum
1076 1454 1184 1541 ipsius,
1209 1464 1242 1519 ut
1258 1451 1350 1518 habet
1374 1451 1468 1519 latina
1490 1449 1663 1531 translati0,

293 1585 334 1629 ne
358 1560 453 1629 ducas
476 1562 543 1649 ipsa
565 1562 725 1629 vivente.²
770 1560 836 1628 Cur
862 1561 948 1647 »ipsa
972 1561 1118 1627 vivente«
1144 1556 1282 1626 addidit?
1317 1557 1406 1639 Quid
1425 1556 1567 1625 fiendum
1591 1568 1665 1643 post

294 1669 360 1736 eius
393 1668 532 1751 obitum,
565 1668 723 1756 poteritne
756 1690 826 1733 eam
862 1664 996 1734 docere?
1032 1665 1159 1754 Nempe
1194 1666 1343 1754 sequitur.
1390 1662 1489 1731 Vides
1526 1660 1664 1730 eundem

292 1777 431 1865 primum
454 1773 586 1864 gradum
611 1771 769 1841 affinitatis
793 1772 986 1861 prohibitum
1011 1784 1043 1839 et
1066 1793 1265 1839 concessum.
1313 1771 1422 1852 Quam
1438 1771 1534 1837 etiam
1557 1768 1662 1856 legem

294 1881 443 1949 omnibus
475 1879 672 1969 temporibus
705 1903 778 1947 cum
810 1880 1004 1947 servaverint
1034 1877 1143 1962 Judaei
1171 1896 1244 1944 ante
1277 1876 1396 1944 Christi
1427 1874 1600 1944 adventum
1633 1895 1664 1941 et

294 2011 389 2070 nunc,
413 2011 467 2055 cur
483 1988 660 2074 Prophetae
685 1998 796 2053 contra
819 2008 876 2051 eos
892 2008 960 2051 non
984 1983 1176 2052 clamarunt?
1204 1983 1298 2050 Liber
1313 2005 1441 2072 quoque
1458 1982 1543 2051 Ruth
1560 2004 1626 2070 cap.
1646 2002 1661 2067 3

294 2118 364 2162 eam
398 2092 664 2162 consuetudinem
694 2093 865 2181 antiquitus
893 2090 1082 2158 celebratam
1114 2088 1209 2157 fuisse
1243 2090 1275 2155 in
1306 2089 1401 2156 Israel
1434 2090 1579 2169 asserit⁸3
1613 2088 1665 2154 ubi

294 2223 373 2288 ergo
397 2223 467 2268 eam
492 2198 672 2268 damnatam
696 2198 746 2265 vel
769 2198 901 2265 ablatam
926 2195 1117 2264 ostendent?
1164 2196 1225 2263 Ubi
1254 2218 1331 2263 vero
1363 2196 1429 2263 eius
1452 2213 1580 2283 apparet
1603 2193 1665 2261 dis·

294 2307 457 2395 pensatio?
502 2306 623 2374 Passim
647 2305 760 2373 colitur
783 2303 820 2371 ab
844 2302 1005 2385 omnibus,
1029 2304 1145 2391 passim
1175 2325 1245 2369 eam
1278 2301 1511 2391 amplectuntur
1538 2323 1664 2383 omnes,

294 2433 367 2480 ante
389 2412 513 2501 legem,
537 2432 609 2501 post
632 2412 753 2499 legem,
777 2434 876 2499 usque
899 2409 939 2477 ad
962 2409 1081 2478 Christi
1104 2407 1275 2476 adventurn
1300 2421 1332 2475 et
1354 2420 1427 2497 post
1451 2408 1569 2475 Christi
1596 2430 1665 2495 pas-

295 2519 420 2586 sionem
445 2519 482 2586 ab
507 2517 626 2586 eisdem
650 2517 781 2586 Iudaeis.

399 2623 487 2706 Quid
518 2625 611 2692 etiam
641 2623 787 2711 intelligis
815 2645 872 2711 per
898 2635 989 2690 tuum
1019 2619 1220 2688 adverbium:
1256 2620 1486 2709 dispensative?
1533 2620 1565 2687 Si
1588 2642 1665 2687 con·

294 2753 417 2798 cessum
442 2728 519 2797 dicis
535 2729 686 2797 Hebraeis
711 2728 764 2819 (ut
786 2729 837 2796 vili
860 2726 1053 2817 infirmoque
1069 2726 1218 2815 populo),
1239 2738 1272 2794 ut
1296 2724 1335 2794 de
1358 2749 1452 2794 usura
1476 2738 1507 2794 et
1525 2724 1664 2814 pluribus

240 2836 245 2859 ⁸
294 2835 446 2904 ducendis
471 2834 619 2903 uxoribus
646 2836 830 2924 aspicimus,
860 2834 910 2902 vel
932 2835 1138 2921 permissum,
1170 2831 1222 2900 ubi
1246 2834 1277 2900 in
1301 2856 1389 2900 novo
1418 2831 1449 2898 id
1477 2832 1663 2919 abrogatum

294 2954 486 3010 testamento
510 2941 674 3023 ostendes,
704 2953 757 3008 aut
781 2964 818 3008 ex
848 2938 960 3029 quibus
987 2937 1103 3007 inferes
1132 2938 1253 3007 verbis?
1299 2938 1331 3005 Si
1360 2938 1536 3006 secundum
1563 2937 1664 3005 indul·

293 3050 446 3136 gentiam,
471 3061 504 3115 ut
526 3047 702 3135 Apostolus
725 3046 764 3114 ad
788 3046 865 3114 Cor.
890 3046 913 3112 Ι.
938 3046 1053 3135 inquit:
1095 3046 1167 3112 Hoc
1190 3064 1296 3112 autem
1320 3042 1393 3112 dico
1417 3041 1593 3112 secundum
1616 3044 1663 3109 in·

296 3151 506 3242 dulgentiam,
529 3176 598 3220 non
621 3152 797 3221 secundum
827 3153 1028 3241 imperium‚⁴
1060 3192 1103 3201 -
1135 3150 1211 3240 quid
1241 3161 1349 3218 nostra
1373 3151 1495 3217 intersit
1522 3172 1589 3216 non
1612 3148 1664 3216 ad-

294 3272 396 3342 vert0,
420 3262 478 3347 ipsi
501 3259 680 3327 ostendant.
715 3258 828 3327 Nullus
847 3261 932 3326 enim
949 3257 1164 3346 legislatorum
1189 3258 1265 3324 novi
1280 3257 1460 3324 testamenti
1478 3255 1663 3344 oppositum

295 3365 446 3435 condidit.
493 3366 715 3447 Quamobrem
739 3364 828 3434 fateri
848 3387 1109 3454 unumquemque
1133 3362 1290 3431 eiusmodi
1313 3363 1552 3431 matrimonium
1581 3360 1665 3429 haud

295 3475 361 3541 iure
389 3486 540 3561 negatum
568 3472 677 3541 divino
709 3495 840 3540 necesse
872 3472 1056 3540 arbitramur
1087 3470 1320 3558 Summumque
1342 3467 1533 3537 Pontificem
1561 3470 1665 3536 omni-

295 3578 392 3647 moda
423 3580 489 3646 eius
520 3579 646 3667 generis
677 3590 790 3646 statuta
828 3576 1030 3666 dispensandi
1061 3577 1246 3644 auctoritate
1277 3599 1295 3642 a
1325 3575 1455 3643 Christo
1487 3574 1582 3643 fuisse
1614 3597 1665 3641 or-

294 3698 414 3753 natum.

401 3791 554 3859 Dicemus
581 3793 697 3880 itaque,
721 3791 962 3858 matrimonium
990 3790 1075 3857 iuxta
1104 3800 1288 3856 sanctorum
1316 3788 1458 3855 virorum
1487 3786 1663 3854 doctrinam

295 3895 410 3985 duplici
433 3894 614 3964 ordinatum
638 3897 719 3979 fine,
749 3896 910 3985 principali
933 3894 1093 3976 videlicet,
1122 3896 1174 3983 qui
1200 3907 1247 3963 est
1270 3893 1391 3960 bonum
1415 3891 1527 3981 prolis,
1557 3904 1588 3959 et
1616 3914 1665 3958 ac·

295 4004 452 4083 cessorio,
480 4003 534 4091 qui
557 4015 605 4069 est
629 4002 905 4090 concupiscentiae
928 4001 1101 4089 repressio,
1131 4019 1165 4068 ut
1187 3999 1301 4067 Paulus
1329 4001 1442 4087 Apost.
1471 3998 1495 4065 Ι.
1524 3997 1563 4065 ad
1587 3996 1663 4064 Cor.

295 4131 314 4196 7
347 4107 402 4199 (2)
432 4106 541 4176 docet:
574 4110 709 4198 Propter
740 4110 985 4176 fornicationem
1019 4119 1126 4174 autem
1160 4105 1376 4195 unusquisque
1407 4127 1497 4172 suam
1530 4125 1665 4171 uxorem

295 4215 416 4299 habeat,
440 4234 472 4283 et
495 4239 701 4305 unaquaeque
724 4238 817 4283 suum
841 4217 944 4283 virum
969 4213 1089 4281 habeat.
1129 4213 1256 4294 Quarto
1287 4212 1513 4280 sententiarum
1543 4208 1600 4277 dis.
1625 4212 1664 4296 36

295 4413 411 4466 maiores
429 4420 491 4466 natu
511 4421 561 4466 etc.
592 4411 725 4465 Schmach
744 4410 797 4465 und
809 4409 966 4479 Entehrung
984 4407 1039 4461 tras
1053 4407 1104 4460 den
1117 4406 1206 4472 Mami,
1225 4406 1272 4459 der
1286 4406 1343 4459 sich
1356 4406 1493 4479 weigerte,
1513 4404 1555 4458 die
1566 4404 1666 4458 Wittve

294 4482 342 4536 des
361 4481 529 4537 kinderlosen
547 4480 661 4535 Bmders
680 4499 712 4535 zu
730 4481 858 4535 heiraten.
895 4479 924 4534 L.
944 4497 966 4532 c.
988 4493 1029 4547 25,
1049 4494 1065 4549 9
1083 4477 1136 4531 und
1158 4493 1197 4532 10.

402 4552 513 4607 ¹Levit.
535 4553 575 4618 18,
595 4569 618 4625 9.
656 4551 859 4623 Turpitudinem
883 4550 982 4604 sororis
1001 4559 1062 4603 tuac
1087 4564 1119 4601 ex
1138 4558 1220 4619 patre,
1244 4548 1300 4600 sive
1324 4563 1356 4600 ex
1378 4556 1475 4613 matre,
1502 4560 1569 4616 quae
1592 4545 1666 4599 domi

295 4623 338 4678 vel
357 4623 421 4677 foris
440 4624 529 4694 genita
549 4631 597 4690 est
616 4639 671 4676 non
690 4622 828 4677 revelabis.

401 4694 513 4749 ’Levia
534 4694 574 4761 18,
595 4694 634 4748 18.
671 4693 798 4748 Sororem
818 4694 906 4748 uxoris
924 4701 985 4746 tuae
1005 4692 1030 4745 in
1050 4689 1201 4761 pellicatum
1220 4688 1287 4742 illius
1307 4705 1361 4741 non
1380 4688 1502 4758 accipies,
1521 4703 1571 4741 nec
1591 4703 1665 4741 reve-

296 4765 360 4819 labis
379 4764 568 4836 turpitudinem
586 4765 642 4819 eius
661 4764 747 4818 adhuc
766 4764 810 4818 illa
828 4766 944 4819 vivente.

402 4842 412 4873 ³
430 4835 509 4903 Ruth,
529 4853 586 4907 cap.
608 4851 619 4905 3
641 4836 694 4889 und
712 4851 737 4903 4,
756 4835 902 4889 besonders
924 4851 946 4905 3,
968 4849 999 4887 12
1018 4832 1072 4888 und
1093 4846 1132 4900 13.

400 4907 449 4962 ⁴1.
463 4906 526 4961 Cor.
541 4921 565 4976 7,
577 4906 602 4961 6.
639 4905 743 4961 Retrifft
761 4906 803 4960 die
842 4901 1142 4977 egenseitigenRechte
1161 4918 1214 4955 von
1229 4900 1310 4955 Maon
1329 4900 1381 4954 und
1395 4899 1463 4955 Frau
1482 4917 1514 4954 zu
1533 4898 1666 4965 einander,

295 4978 367 5031 ohne
386 4977 477 5048 Bezug
495 4976 542 5031 anf
558 4977 599 5030 die
613 4923 854 5033 Verwandischah.
