3802 5606
264 360 414 417 Consilium
434 379 512 433 super
531 379 610 416 causa
629 358 751 431 Anglica.
1574 343 1635 408 235

266 534 312 590 est
334 523 446 608 religio
471 535 502 590 et
529 523 644 610 pietas,
672 544 740 588 non
768 521 914 609 agnoscit
937 543 1036 588 omne
1063 521 1185 588 bonum
1216 520 1323 588 datum
1353 518 1489 607 desuper
1511 542 1528 585 a
1551 530 1638 606 patre

265 628 444 696 luminum?
490 628 577 696 Num
605 628 725 696 multos
752 650 819 694 non
848 626 966 695 audivit
995 625 1132 695 liliorum
1163 650 1254 695 causa
1281 624 1496 693 infelicissime
1524 626 1638 693 vixisse

265 746 296 802 et
323 733 540 803 miserabiliter
568 735 664 802 etiam
692 733 859 802 defunctos
887 734 977 801 esse?
1024 733 1112 815 Quid
1137 746 1184 801 est
1211 731 1356 813 tandem,
1385 730 1472 821 quod
1497 729 1638 798 efflictim

265 840 346 909 adeo
362 842 507 929 cupimus
530 852 583 908 aut
599 842 690 907 anxie
706 838 962 921 reformidamus,
985 863 1065 928 quae
1081 842 1242 907 nescimus
1266 838 1367 927 plane,
1392 861 1456 927 quo
1472 840 1504 904 in
1520 860 1639 925 genere

265 947 425 1014 bonorum
442 946 491 1015 vel
515 946 671 1014 malorum
695 945 880 1034 reponenda
896 946 979 1013 sint?
1025 946 1056 1012 Si
1073 947 1133 1013 Dei
1150 944 1349 1034 providentia
1373 944 1510 1011 bumana
1529 944 1638 1009 omnia

264 1053 436 1141 dispensari
466 1065 498 1120 et
520 1075 632 1140 regum
657 1051 753 1119 corda
782 1053 814 1118 in
844 1053 911 1119 eius
940 1075 1036 1118 manu
1060 1075 1129 1118 esse
1158 1050 1327 1133 credimus,
1356 1049 1431 1139 quid
1461 1069 1524 1132 est,
1553 1048 1639 1138 quod

266 1183 326 1226 nos
349 1160 460 1226 anxios
483 1157 607 1226 reddit?
653 1157 741 1239 Quid
766 1159 831 1226 eius
859 1157 1061 1246 benignitati,
1090 1180 1169 1246 quae
1193 1156 1317 1224 assidue
1340 1155 1418 1244 pluit
1447 1178 1541 1243 super
1568 1178 1639 1235 nos,

266 1263 459 1333 diffidimus?
506 1264 590 1351 Ergo
615 1266 667 1353 qui
699 1287 798 1352 regna
821 1265 1001 1345 constituit,
1025 1265 1077 1353 qui
1100 1286 1193 1351 reges
1217 1261 1369 1343 custodit,
1399 1263 1450 1352 qui
1476 1262 1570 1328 etiam
1594 1263 1640 1326 in·

266 1369 408 1439 fidelibus
438 1394 471 1436 se
502 1369 657 1452 ostendit,
687 1383 721 1437 ut
749 1393 806 1435 eos
836 1369 875 1436 ad
903 1394 937 1436 se
967 1369 1081 1450 trahat,
1113 1391 1247 1456 regnum
1277 1368 1497 1450 christianum,
1529 1389 1639 1454 regem

266 1478 440 1565 optimum,
469 1474 544 1543 fidei
567 1473 769 1543 defensorem
794 1488 825 1543 et
849 1475 1077 1543 ecclesiasticae
1101 1474 1262 1563 dignitatis
1289 1485 1482 1542 assertorem
1506 1473 1640 1552 deseret,

266 1581 444 1671 praeteribit
468 1594 498 1649 et
521 1581 718 1669 signaculum
742 1582 846 1650 vultus
874 1583 921 1649 sui
949 1605 1043 1671 super
1066 1605 1140 1649 eum
1165 1604 1231 1648 non
1255 1581 1375 1668 ponet?
1421 1580 1508 1647 Haec
1531 1580 1641 1646 timeat

265 1688 381 1769 Turca,
406 1688 482 1754 baec
505 1706 672 1755 vereantur
696 1689 794 1776 impii,
817 1710 885 1754 non
908 1711 963 1756 rex
986 1689 1056 1770 iste,
1080 1689 1133 1777 qui
1156 1710 1292 1775 regnum
1317 1686 1379 1753 hoc
1403 1685 1578 1774 insignibus
1601 1686 1640 1752 ti·

265 1794 338 1863 tulis
362 1814 393 1862 et
417 1795 533 1882 pietate
560 1818 615 1862 sua
638 1793 810 1862 illustravit.
857 1794 959 1877 Quod
982 1796 1008 1861 si
1032 1794 1105 1861 Deo
1133 1795 1175 1862 ita
1203 1792 1404 1882 dispensante
1428 1793 1584 1873 eveniret,
1608 1804 1642 1857 ut

266 1900 411 1969 adalind
434 1901 673 1968 matrimonium
697 1923 751 1968 rex
770 1900 925 1969 laberetur
948 1912 1041 1991 atque
1064 1901 1190 1968 interim
1214 1900 1323 1986 regina
1346 1897 1416 1967 fatis
1439 1896 1641 1977 concederet,

267 2006 341 2097 quid
365 2019 447 2074 esset
470 2007 626 2075 Maiestati
650 2007 731 2074 Suae
755 2008 786 2073 in
811 2009 874 2074 vita
897 2006 978 2074 adeo
1002 2007 1165 2089 acerbum,
1193 2025 1227 2073 ut
1251 2006 1346 2094 spreti
1375 2005 1570 2072 matrimonii
1594 2027 1642 2071 re·

268 2112 421 2193 cordati0,
451 2125 482 2180 et
510 2112 573 2179 Dei
602 2113 665 2180 hoc
695 2112 843 2180 auxilium
875 2136 942 2180 non
974 2114 1177 2202 expectasse?
1223 2110 1382 2179 Credibile
1414 2134 1553 2200 namque
1583 2122 1642 2191 est,

267 2220 409 2307 reginam
434 2230 545 2307 utpote
568 2232 642 2287 natu
665 2219 867 2309 grandiorem
894 2243 932 2286 ex
956 2219 1018 2286 hoc
1040 2220 1123 2287 vitae
1145 2217 1247 2286 stadio
1271 2216 1403 2286 celerius
1427 2218 1522 2284 etiam
1547 2239 1641 2305 quam

268 2324 426 2392 Sermum.
453 2346 563 2412 regem
591 2326 812 2413 migraturam,
841 2348 905 2415 quo
936 2348 1008 2392 casu
1037 2323 1225 2393 adveniente
1253 2323 1371 2391 sublata
1400 2335 1506 2391 essent
1534 2324 1643 2390 onmia

268 2429 490 2512 incommoda,
518 2453 578 2498 nec
603 2428 812 2498 diffidendum
842 2444 925 2499 esset
948 2432 1040 2499 aetati
1064 2430 1147 2498 forte
1170 2432 1233 2497 iam
1257 2453 1368 2512 canae,
1393 2452 1466 2496 cum
1489 2429 1642 2516 legamus,

268 2536 449 2623 patriarchis
472 2538 567 2604 etiam
591 2537 758 2626 decrepitis
782 2539 814 2604 in
837 2540 1059 2626 procreatione
1082 2537 1254 2605 liberorum
1278 2538 1385 2604 Deum
1408 2535 1543 2604 affuisse.

374 2642 474 2725 Quod
497 2662 602 2710 autem
626 2643 665 2712 ad
688 2643 763 2711 illud
788 2645 935 2731 pertinet,
959 2667 1024 2732 quo
1048 2643 1170 2726 dicitur,
1198 2644 1357 2711 Sermum.
1382 2665 1492 2728 regem
1516 2641 1554 2710 ad
1578 2665 1644 2709 ma·

268 2749 409 2816 trimonii
434 2748 675 2817 dissolutionem
701 2751 825 2819 invitari
850 2751 943 2818 etiam
968 2774 1007 2817 ex
1030 2752 1103 2832 hoc,
1136 2762 1171 2818 ut
1194 2751 1351 2819 evitentur
1374 2747 1533 2831 scandala,
1563 2747 1642 2816 bella

270 2855 420 2937 erman,
444 2878 523 2943 quae
548 2857 674 2924 evenire
698 2869 829 2944 possent
852 2857 884 2923 in
908 2879 1021 2944 regno,
1050 2857 1075 2923 si
1100 2857 1301 2943 contingeret
1324 2855 1523 2923 Maiestatem
1547 2854 1642 2921 Suam

270 2960 337 3027 sine
360 2960 450 3049 prole
474 2961 646 3028 masculina
669 2961 808 3050 legitima
833 2961 998 3045 decedere,
1021 2961 1052 3029 id
1076 2961 1163 3051 quod
1183 2985 1223 3030 eo
1247 2959 1460 3029 rationabilius
1483 2962 1644 3029 subvereri

270 3078 385 3153 potest,
410 3090 474 3156 quo
498 3069 634 3155 apertius
654 3080 712 3150 est,
737 3092 804 3135 non
827 3067 959 3137 absimili
984 3068 1024 3136 de
1048 3092 1139 3137 causa
1154 3069 1284 3136 Henrici
1307 3069 1391 3136 tertii
1414 3066 1492 3135 libas
1516 3080 1644 3135 etcum

271 3173 315 3239 eis
339 3174 493 3241 comitem
517 3186 549 3241 et
567 3175 739 3262 praelatum
763 3175 988 3243 liconiensem
1012 3174 1140 3264 praefati
1156 3175 1286 3242 Henrici
1311 3187 1463 3263 nepotem
1487 3173 1644 3261 iugulatos

270 3277 375 3358 fuisse,
399 3279 482 3347 nulla
499 3279 563 3347 fere
587 3282 710 3349 ratione
734 3294 786 3349 aut
802 3305 895 3349 causa
914 3281 1114 3363 subsistente,
1139 3305 1256 3370 nempe
1279 3282 1351 3370 quia
1370 3279 1525 3370 quaedam
1548 3303 1645 3368 spon·

270 3383 343 3451 salia
367 3386 451 3473 prius
474 3409 531 3473 per
546 3387 720 3454 Henricum
745 3386 824 3456 facta
847 3387 973 3470 fuerint,
997 3410 1077 3478 quae
1099 3386 1309 3476 postmodum
1334 3398 1399 3453 rata
1423 3409 1490 3453 non
1506 3385 1643 3469 fuerunt,

273 3501 303 3557 et
326 3513 416 3572 uxor,
441 3515 480 3559 ex
502 3516 563 3582 qua
586 3491 664 3560 filias
688 3496 841 3581 suscepit,
865 3517 938 3562 vera
962 3506 993 3561 et
1016 3494 1157 3582 legitima
1179 3492 1296 3581 absque
1320 3492 1536 3559 controversia
1565 3514 1646 3559 uxor

272 3595 337 3663 fuit.
377 3597 472 3666 Unde
496 3599 521 3665 si
545 3611 613 3667 tum
637 3600 669 3666 in
686 3599 787 3682 viridi,
812 3599 886 3689 quid
910 3623 995 3666 nunc
1019 3601 1051 3665 in
1075 3598 1182 3666 arido?
1228 3599 1259 3665 Si
1284 3599 1492 3665 matrimonio
1515 3598 1548 3664 in
1568 3620 1645 3664 con·

271 3714 448 3770 troversum
479 3727 545 3771 non
570 3703 708 3773 deducto
737 3729 774 3773 ea
797 3724 969 3773 consecuta
992 3717 1040 3773 est
1063 3705 1232 3787 calamitas,
1261 3704 1336 3794 quid
1359 3703 1413 3773 liet
1443 3706 1475 3771 in
1499 3705 1577 3785 hoc,
1606 3704 1645 3773 de

272 3831 336 3897 quo
360 3832 468 3877 coram
492 3834 575 3899 pene
599 3811 676 3879 orbe
700 3811 928 3900 disceptamus,
957 3835 1016 3880 nec
1040 3813 1108 3878 sine
1132 3810 1329 3880 evidentibus
1352 3810 1542 3893 rationibus,
1566 3834 1646 3900 quae

272 3914 445 3984 suadebant
468 3919 663 3984 matrimonii
686 3918 953 3988 invaliditatem?¹

377 4023 445 4090 Hac
473 4024 596 4091 ratione
625 4044 656 4092 et
688 4025 835 4113 exemplo
860 4044 944 4092 certe
973 4024 1042 4114 quis
1066 4024 1205 4091 maxime
1236 4025 1360 4093 moveri
1388 4025 1490 4113 possit
1517 4042 1646 4112 aspectu

273 4127 392 4214 prim03
426 4129 482 4197 sed
504 4131 531 4196 si
554 4154 605 4199 res
629 4130 882 4200 consideraretur
906 4145 1024 4213 exacte,
1049 4154 1116 4198 non
1146 4129 1235 4198 facile
1259 4130 1478 4219 prolabemur,
1507 4132 1559 4220 qui
1584 4131 1646 4197 hoc

380 4295 388 4325 ¹
408 4288 490 4342 Diese
509 4289 682 4345 wiederbolte
701 4291 890 4362 Bezugnahme
908 4289 956 4344 auf
971 4289 1062 4361 Konig
1080 4289 1207 4344 Heinrich
1225 4289 1271 4345 ΙΙΙ.
1290 4307 1344 4344 von
1363 4290 1486 4361 England
1510 4290 1543 4343 ist
1561 4297 1646 4342 etwas

274 4356 403 4412 ratselhaf
412 4401 418 4412 .
455 4360 563 4431 Richtig
581 4361 623 4427 ist,
642 4360 698 4415 dass
711 4361 837 4415 Heinrich
857 4361 903 4415 111.
922 4377 971 4415 vor
983 4362 1071 4415 seiner
1084 4360 1142 4414 Ehe
1160 4361 1209 4414 mit
1221 4360 1355 4415 Eleonore
1374 4377 1428 4414 von
1441 4360 1488 4414 der
1501 4359 1647 4425 Provence,

277 4426 351 4493 1236,
370 4430 418 4482 mit
432 4430 562 4501 Johanna,
582 4431 629 4485 der
648 4430 768 4487 Tocbter
788 4432 835 4486 des
854 4431 954 4487 Grafen
974 4432 1068 4486 Simon
1086 4448 1141 4485 von
1160 4431 1300 4497 Ponthieu,
1319 4431 1499 4502 versprochen
1519 4448 1576 4484 war
1594 4430 1647 4483 und

275 4497 332 4551 sich
350 4515 431 4571 sogar
454 4500 549 4555 eidlich
568 4502 736 4572 verpflicbtet
753 4503 840 4569 hatte,
859 4502 977 4557 dieselbe
1001 4521 1032 4556 zu
1051 4502 1200 4557 ehelichen.
1238 4501 1293 4556 Das
1308 4501 1449 4555 Verlobnis
1469 4500 1561 4554 wurde
1585 4501 1647 4554 aber

275 4567 445 4639 aufgehoben
464 4589 563 4643 wegen
588 4572 727 4642 doppelter
741 4573 976 4628 Verwandtschaft
1000 4573 1073 4639 oder,
1096 4574 1149 4626 wie
1167 4571 1301 4626 Mattbaus
1320 4572 1393 4626 Paris
1417 4570 1529 4637 erzthlt,
1548 4588 1591 4624 we
1613 4587 1646 4624 en

275 4638 322 4691 der
334 4638 616 4697 Lehensverhriltnisse
629 4643 676 4697 des
689 4653 843 4715 genannten
853 4643 953 4698 Grafen
966 4661 1026 4698 zum
1037 4644 1128 4714 Konig
1140 4660 1194 4697 von
1205 4641 1371 4696 Franlrreich.
1391 4643 1472 4712 Papst
1484 4588 1646 4712 Gregordll.

276 4709 387 4765 erlrldrte
406 4712 448 4766 die
460 4713 635 4785 Verbindung
653 4717 700 4768 mit
718 4715 841 4785 Johanna
860 4714 900 4769 fur
918 4716 1021 4786 nichtig
1039 4714 1093 4768 und
1111 4713 1206 4784 sprach
1225 4712 1277 4767 den
1297 4713 1388 4784 Konig
1406 4729 1459 4766 von
1478 4715 1567 4785 jenem
1581 4711 1647 4765 Eide

277 4778 331 4835 frei.
363 4782 454 4854 Vergl.
473 4783 594 4857 Raynald
617 4802 677 4840 ann.
699 4786 774 4908 12136,
800 4804 826 4840 n.
845 4799 888 4853 49.
925 4784 1019 4841 Marah.
1039 4785 1120 4851 Paris,
1140 4782 1275 4837 Chronica
1293 4785 1406 4847 maiora,
1432 4783 1472 4838 ed.
1491 4783 1582 4855 Henry
1602 4782 1646 4836 Ri-

276 4850 369 4906 chards
388 4853 482 4919 Luard,
502 4853 708 4925 London1876,
741 4856 772 4910 ll.
788 4857 845 4924 328.
882 4857 1013 4922 Potthast,
1033 4856 1150 4925 Regesta
1169 4854 1246 4909 Pont.
1267 4853 1345 4909 Rom.
1365 4855 1384 4909 l.
1404 4872 1429 4908 n.
1451 4867 1544 4925 10149.
1575 4854 1648 4907 Aber

276 4922 434 4991 nirgendwo
453 4925 486 4978 ist
512 4943 543 4979 zu
567 4924 669 4991 finden,
694 4925 749 4980 dass
773 4927 919 4998 deswegen
945 4927 987 4981 die
1006 4926 1063 4981 Ehe
1087 4925 1226 4979 Heinrichs
1251 4925 1301 4979 mit
1323 4925 1458 4979 Eleonore
1480 4922 1647 4995 angegrirsen

277 4994 387 5047 worden
416 4997 466 5059 sei,
494 4996 565 5050 noch
593 4998 721 5068 weniger,
749 4996 805 5050 dass
833 4996 875 5050 die
903 4999 971 5050 zuei
995 4996 1115 5050 Tochter
1142 5012 1188 5048 aus
1216 4994 1302 5049 dieser
1328 4995 1397 5063 Ehe,
1426 4995 1467 5048 die
1495 4993 1572 5048 beide
1600 4996 1648 5049 mit
