3842 5592
263 341 328 408 1528
348 335 511 394 November.
1590 330 1631 393 63

364 499 403 567 Et
425 498 541 588 perche
556 521 651 586 sopra
674 498 701 566 la
727 512 862 568 »venata
878 499 929 567 del
944 499 1129 588 sopradetto
1145 500 1251 590 Bayli«
1277 501 1407 589 ragiona
1426 501 1631 595 lungamente

260 618 292 674 et
314 605 454 673 discurre
476 628 569 693 sopra
597 605 625 672 la
648 628 724 694 pace
752 606 928 675 universale
953 618 984 674 et
1007 626 1126 674 mostra
1154 605 1360 675 inclinatione
1382 619 1482 691 tanto,
1512 629 1630 698 quanto

259 715 430 800 approvara
453 730 561 801 questa
578 713 698 779 Maesta
722 731 753 780 et
770 713 877 795 limo,
900 711 921 780 li
937 712 1020 801 quali
1043 735 1099 801 per
1115 713 1191 780 altre
1206 714 1257 781 vie
1281 725 1313 781 et
1329 713 1360 781 di
1376 714 1512 803 Spagua,
1537 739 1631 783 come

260 839 314 905 per
337 819 413 885 alrre
444 819 507 885 mie
538 818 581 885 ho
610 819 730 900 scritto,
764 818 871 885 hauno
899 830 1013 907 questo
1041 820 1214 906 maneggio
1245 820 1277 885 in
1306 818 1437 908 qualche
1468 843 1630 909 speranza:

259 924 336 1010 pero
361 923 621 1004 coniecturando,
650 924 709 991 che
732 923 760 992 la
784 947 858 991 cosa
881 946 947 990 non
972 947 1067 1012 possa
1097 923 1192 991 haver
1215 923 1405 1012 perfettionc
1429 949 1462 993 se
1487 950 1554 994 non
1578 929 1630 1016 qui

259 1051 280 1096 o
303 1028 387 1097 dove
415 1029 446 1097 di
469 1032 523 1119 qui
550 1032 618 1097 sara
641 1029 800 1113 ordinato,
829 1054 885 1119 per
907 1032 1054 1118 maggior
1077 1028 1190 1097 sacilitl
1219 1042 1250 1098 et
1274 1053 1389 1098 manco
1417 1032 1630 1100 incommodo

259 1135 339 1203 delle
362 1137 441 1224 parti
464 1156 495 1203 et
519 1158 574 1223 per
597 1135 754 1205 coudurre
778 1140 803 1203 sl
827 1136 912 1204 bona
928 1160 1002 1204 cosa
1027 1138 1078 1224 pila
1101 1155 1208 1224 presto
1232 1136 1259 1203 al
1276 1135 1454 1205 desiderato
1478 1136 1552 1221 fine,
1577 1139 1631 1207 de·

258 1240 405 1309 siderano
436 1254 546 1331 questa
575 1243 696 1310 Maesta
727 1268 744 1311 e
768 1243 831 1310 Sua
858 1244 1006 1331 Signoria
1033 1243 1136 1324 Rma.,
1167 1243 1225 1310 che
1255 1243 1296 1311 N.
1326 1243 1462 1331 Signore
1493 1243 1542 1311 dia
1570 1268 1632 1312 una

258 1348 391 1436 speciale
414 1349 645 1417 commissione
668 1372 762 1437 super
786 1349 848 1417 hoc
872 1350 1005 1436 negotio
1029 1351 1113 1437 pacis
1136 1348 1318 1433 universalis
1342 1373 1359 1416 a
1382 1350 1414 1417 S.
1435 1350 1466 1417 S.
1486 1351 1574 1419 Rma.
1599 1364 1631 1420 et

258 1475 275 1519 a
298 1477 351 1520 me
381 1476 475 1521 come
497 1478 514 1521 a
537 1456 607 1521 suoi
638 1454 731 1542 legati
756 1457 951 1523 coniunctim
981 1474 1012 1522 et
1036 1454 1159 1522 divisim
1188 1456 1220 1520 iu
1250 1455 1352 1543 ampla
1382 1455 1499 1538 forma,
1529 1470 1560 1524 et
1587 1482 1630 1526 un

258 1559 332 1626 altra
356 1562 585 1628 commissione
608 1560 793 1649 particulare
816 1584 913 1644 ame,
936 1583 995 1649 pur
1018 1583 1112 1649 sopra
1135 1560 1163 1627 la
1186 1561 1361 1629 medesima
1384 1585 1486 1646 causa,
1510 1566 1631 1632 accioc-

259 1667 317 1733 che
339 1667 373 1733 in
389 1685 517 1749 eventu,
542 1667 600 1734 che
623 1667 651 1734 la
675 1690 749 1735 cosa
772 1691 806 1734 se
830 1668 943 1735 maturi
968 1679 999 1735 et
1022 1690 1056 1734 se
1072 1666 1230 1750 concludi,
1255 1690 1322 1734 non
1345 1669 1372 1734 si
1394 1669 1452 1736 stia
1471 1670 1504 1735 in
1519 1682 1630 1760 tempo

258 1770 444 1860 aspettando
468 1771 607 1841 mandati
630 1785 662 1841 et
678 1774 919 1856 commissioni,¹
935 1784 967 1840 et
990 1772 1047 1840 che
1064 1773 1095 1840 S.
1113 1773 1144 1840 S.
1161 1774 1252 1843 Rma.
1277 1797 1343 1842 non
1360 1774 1501 1842 volendo
1525 1799 1630 1845 onon

258 1877 400 1966 potendo
423 1901 480 1967 per
502 1878 672 1947 attendersi
701 1902 806 1967 passar
834 1880 854 1946 il
882 1903 984 1962 mare,
1013 1880 1045 1947 io
1074 1880 1193 1968 potessi
1221 1881 1368 1968 exequire
1400 1904 1462 1947 con
1491 1882 1519 1948 le
1543 1906 1631 1950 com·

258 1985 401 2051 missioni
430 1984 460 2052 di
484 1985 546 2052 Sua
569 1985 688 2054 Santith
717 1998 749 2054 et
770 1987 905 2054 autorita
933 1985 964 2053 di
989 1998 1097 2074 questa
1121 1986 1257 2067 Maesti,
1286 2005 1405 2074 quanto
1435 1986 1519 2054 fusse
1543 1988 1564 2054 il
1586 1988 1631 2056 bi-

257 2112 373 2177 sogno,
403 2090 660 2159 conducendomi
691 2093 723 2158 in
754 2091 885 2180 qualche
916 2093 1015 2180 luogo
1046 2091 1223 2159 commodo
1253 2092 1302 2160 alli
1333 2094 1451 2161 oratori
1483 2107 1515 2162 et
1543 2118 1631 2162 com-

258 2198 389 2263 missarii
412 2196 443 2264 di
467 2198 569 2286 questi
592 2199 740 2286 principi,
764 2197 816 2265 nel
839 2198 910 2287 qual
933 2200 986 2287 piri
1009 2197 1188 2266 lacilmente
1213 2211 1244 2267 et
1267 2199 1300 2265 in
1323 2200 1377 2287 piri
1400 2198 1495 2268 breve
1519 2212 1630 2291 tempo

258 2303 282 2369 si
306 2304 471 2392 potessino
495 2302 591 2371 haver
618 2316 762 2393 resposte
790 2324 822 2372 et
846 2303 1024 2372 risolutioni
1052 2303 1091 2371 da
1114 2302 1185 2371 loro
1214 2304 1391 2393 principali,
1420 2308 1568 2375 massime
1592 2308 1631 2377 da

257 2427 366 2497 questa
393 2410 530 2491 Maesti,
558 2409 673 2499 poiche
700 2432 766 2498 par,
796 2410 854 2477 che
883 2433 951 2477 essa
979 2409 1071 2477 habbi
1099 2409 1137 2477 ad
1169 2434 1255 2478 esser
1284 2433 1378 2478 come
1408 2425 1570 2501 sequestra
1598 2427 1631 2483 et

256 2512 415 2582 fiduciaria
437 2537 574 2603 persona
597 2514 668 2582 dell’
693 2539 755 2583 una
779 2527 811 2583 et
832 2503 931 2583 l'altra
954 2527 1057 2603 parte,
1086 2527 1118 2583 et
1141 2517 1174 2581 in
1197 2515 1225 2583 le
1250 2518 1300 2583 cui
1331 2518 1417 2584 mani
1440 2542 1474 2584 se
1498 2518 1589 2587 habbi
1613 2544 1630 2587 a

257 2618 399 2708 deponet
422 2620 527 2709 quello
544 2620 604 2688 che
620 2623 757 2688 remarrh
780 2619 940 2709 pendente
956 2622 1027 2687 sino
1044 2620 1101 2687 alla
1124 2619 1256 2708 perfetta
1273 2624 1461 2691 executione
1478 2623 1508 2690 di
1524 2627 1630 2693 tutto'l

256 2736 394 2807 trattat0,
417 2749 451 2793 se
475 2727 539 2793 Dio
564 2729 592 2794 ci
615 2730 753 2814 prestera
776 2739 862 2795 tanta
884 2728 993 2814 gratia,
1018 2726 1076 2794 che
1100 2727 1126 2793 ci
1151 2727 1311 2795 veniamo.
1369 2750 1372 2757 ·

363 2832 402 2900 Et
429 2844 512 2901 tutto
540 2851 653 2921 questo
681 2833 784 2900 scrivo
813 2831 844 2900 di
873 2834 1103 2900 commissione
1131 2831 1162 2900 di
1190 2846 1303 2922 questo
1332 2834 1427 2902 Rmo.
1457 2848 1487 2904 et
1514 2836 1629 2921 lllmn„

259 2961 326 3005 non
350 2938 409 3006 che
431 2940 464 3005 io
484 2962 551 3005 non
575 2941 691 3027 sappia,
715 2939 773 3007 che
796 2938 1018 3007 renovandosi
1040 2940 1197 3028 Monsigr.
1215 2939 1494 3010 Reverendissimo
1507 2944 1629 3012 Vostro
1736 2956 1738 2960 ’

257 3043 342 3128 dila,
365 3068 502 3134 persona
525 3042 576 3113 del
592 3045 698 3112 valore
723 3057 755 3113 et
769 3045 936 3134 prudentia
960 3045 1018 3113 che
1041 3047 1073 3112 in
1090 3045 1121 3112 S.
1139 3045 1170 3112 S.
1188 3046 1278 3115 Rma.
1304 3069 1430 3135 sempre
1453 3051 1479 3116 si
1496 3053 1514 3116 e
1530 3072 1630 3120 cono

257 3152 365 3233 seluta,
389 3175 456 3218 non
472 3150 632 3219 accaderia
656 3174 779 3220 cercare
795 3151 885 3220 altro.
924 3152 967 3218 Di
983 3154 1033 3220 cih
1050 3153 1200 3220 scrivono
1224 3176 1340 3220 ancora
1356 3172 1387 3222 et
1403 3168 1628 3225 commettono

258 3256 285 3324 al
305 3257 468 3325 Cavaliere
491 3256 561 3325 loro
586 3269 723 3340 oratore,
748 3258 807 3325 che
831 3282 871 3325 ne
895 3257 960 3325 farli
984 3260 1017 3326 in
1041 3257 1243 3342 conformita,
1268 3270 1300 3326 et
1323 3258 1511 3329 desiderano
1535 3286 1630 3351 sopra

257 3364 307 3429 cih
330 3383 434 3452 presta
464 3376 496 3431 et
518 3364 648 3432 risoluta
674 3366 818 3453 risposta.
864 3365 901 3431 Iu
925 3383 1039 3453 questo
1067 3387 1178 3432 mezzo
1206 3367 1232 3431 si
1256 3364 1372 3432 auderi
1401 3364 1576 3455 digerendo
1600 3369 1629 3436 la

257 3472 386 3538 materia
409 3482 440 3538 et
463 3470 627 3559 pensando
651 3469 683 3538 di
705 3494 748 3537 un
772 3469 871 3559 luogo
896 3470 997 3538 habile
1021 3490 1052 3538 et
1076 3470 1264 3539 commodo.

361 3577 400 3644 Et
422 3576 539 3665 perche
562 3576 590 3643 la
612 3577 677 3659 via,
701 3577 785 3644 ch'io
815 3578 919 3645 scrissi
943 3578 1055 3644 essersi
1079 3589 1197 3645 tentata
1220 3600 1283 3645 con
1311 3577 1481 3661 ulamma,
1511 3578 1542 3647 di
1564 3579 1629 3649 fare

258 3682 366 3749 alcuna
388 3681 588 3771 professione
612 3681 643 3749 di
662 3681 841 3770 religione«
868 3694 939 3765 etc,
963 3705 1057 3749 come
1081 3705 1148 3750 non
1173 3683 1211 3750 ha
1238 3682 1356 3750 »ferma
1378 3707 1538 3772 speranza,
1562 3689 1629 3754 cosl

257 3811 323 3855 non
352 3792 370 3856 ὲ
398 3787 426 3854 al
454 3800 537 3856 tutto
571 3787 767 3876 disperata«,
800 3788 943 3856 secondo
972 3787 1030 3856 che
1059 3787 1079 3854 li
1110 3787 1274 3877 »deputati
1311 3790 1490 3878 consiglieri
1522 3791 1629 3861 referi-

257 3917 395 3962 sconou:
419 3895 497 3982 perd
519 3896 551 3960 in
568 3917 653 3977 casu,
677 3894 736 3962 che
752 3919 769 3961 a
785 3906 898 3983 questo
922 3895 947 3960 si
967 3895 1089 3962 venisse
1114 3907 1248 3984 »questo
1264 3919 1317 3962 re«
1343 3895 1497 3965 vorrebbe
1523 3922 1629 3966 »esser

257 4020 344 4069 certo
368 4014 400 4068 et
423 4001 518 4069 havet
540 4023 603 4067 una
626 4000 773 4089 dispensa
796 4024 816 4067 o
840 4000 970 4068 licenzia
992 4023 1085 4068 senza
1109 4003 1340 4085 controversia,
1365 4000 1404 4070 da
1426 4003 1467 4072 N.
1492 4004 1628 4092 Signore

258 4106 289 4175 di
316 4120 408 4196 poter
435 4109 490 4195 poi
517 4106 709 4174 licitamente
738 4109 870 4175 transire
898 4105 936 4174 ad
965 4105 1119 4174 secundas
1148 4109 1290 4196 nuptias«
1302 4113 1325 4191 ¹,
1352 4107 1476 4177 benche
1503 4112 1553 4178 sin
1575 4114 1628 4200 qui

260 4235 346 4280 anon
369 4214 397 4280 ci
421 4214 465 4279 sia
488 4236 651 4302 speranza,
681 4214 741 4281 che
764 4212 864 4282 debba
887 4215 978 4282 venir
1005 4215 1038 4280 in
1062 4237 1174 4296 cason,
1202 4237 1280 4303 pure
1303 4216 1336 4281 in
1360 4228 1511 4284 eventum
1537 4240 1628 4285 »vor-

257 4318 401 4387 rebbono
429 4319 543 4387 havere
572 4331 681 4409 questa
709 4344 784 4387 cosa
812 4321 965 4403 resoluta,
996 4324 1037 4387 ne
1064 4343 1121 4408 per
1149 4333 1262 4409 questo
1290 4322 1423 4410 voglino
1453 4323 1560 4390 lasciar
1588 4323 1627 4391 de

257 4426 362 4513 segnir
384 4423 519 4492 l'ordine
543 4437 575 4493 et
597 4424 625 4492 la
648 4427 697 4494 via
720 4425 771 4493 del
794 4446 979 4514 processo«.
1026 4427 1108 4494 Pero
1131 4450 1225 4515 sopra
1249 4440 1362 4516 questo
1391 4451 1508 4496 ancora
1530 4429 1570 4495 V.
1595 4429 1626 4496 S.

258 4529 459 4599 rescrivendo
483 4531 677 4620 respondera
699 4544 818 4621 quanto
842 4536 909 4599 sara
931 4532 960 4599 la
984 4552 1092 4600 mente
1116 4533 1147 4600 di
1170 4533 1231 4601 Sua
1255 4532 1462 4602 Beatitudine.

258 4688 394 4744 Wihrend
417 4689 464 4744 der
482 4690 630 4762 Belagerun
668 4708 723 4745 von
741 4690 852 4745 Florenz
871 4708 927 4746 war
951 4693 989 4745 sie
1007 4691 1247 4746 verschiedentlich
1270 4693 1339 4746 nahe
1361 4691 1454 4760 daran,
1479 4693 1520 4745 ein
1541 4690 1627 4762 Opser

258 4759 304 4814 des
322 4761 421 4815 Hasses
440 4777 529 4833 gegen
549 4760 591 4814 die
640 4762 708 4815 edici
726 4779 757 4815 zu
775 4762 894 4818 werden.
921 4762 1013 4834 Vergl.
1032 4762 1154 4833 Pompeo
1168 4761 1245 4827 Lina,
1264 4761 1302 4816 Le
1321 4762 1440 4833 famiglie
1458 4762 1556 4817 celebri
1574 4762 1626 4817 lta·

258 4829 333 4886 liane.
371 4831 417 4886 Bd.
436 4846 460 4887 z.
497 4831 594 4886 Medici
613 4831 691 4886 Tafel
710 4833 742 4886 11.

364 4911 373 4940 ¹
392 4902 483 4974 Vergl.
502 4902 584 4956 damit
602 4902 644 4956 die
668 4902 864 4958 Instrulrtionen
883 4903 1011 4978 Wolseys
1030 4922 1064 4960 an
1085 4903 1129 4958 die
1147 4902 1301 4958 Gesandten
1319 4905 1346 4956 in
1369 4904 1452 4971 Rom,
1476 4902 1549 4957 Ende
1568 4902 1625 4958 No-

259 4973 367 5026 vember
388 4974 462 5042 1528,
483 4973 591 5027 Brewer
609 4973 655 5029 IV.
674 4987 744 5045 4977
763 4991 787 5046 p.
808 4974 885 5042 2158,
905 4977 973 5031 auch
990 4990 1061 5048 4979
1079 4992 1105 5029 n.
1127 4989 1148 5043 5.
