3802 5606
298 330 360 395 222
1370 338 1478 395 Summa
1498 334 1670 395 defensionis.

299 507 378 574 scire
402 505 551 593 potuerit,
575 501 662 592 quod
686 504 735 572 hic
760 501 869 592 aliquis
893 512 991 582 esset,
1015 500 1068 590 qui
1092 499 1178 567 illum
1204 518 1377 582 excusaret,
1402 500 1481 568 XVI
1503 524 1630 568 menses
1654 524 1672 567 a

299 611 360 694 die,
384 634 448 701 quo
473 609 530 678 fuit
553 610 675 691 citatus,
699 611 930 689 intercessere,¹
955 608 985 673 in
1012 606 1123 696 quibus
1147 620 1232 675 certe
1260 630 1318 673 nec
1343 605 1503 694 praedicto
1527 631 1585 675 nec
1610 607 1671 674 aiio

299 719 412 807 quovis
434 727 596 804 praetextu
621 717 761 783 excusari
786 725 902 803 potest,
926 714 1001 803 quin
1026 726 1198 782 contumax
1222 712 1324 781 fuerit.

405 856 552 925 Secundo
577 855 721 939 dicimus,
745 855 832 946 quod
856 855 928 922 iicet
951 867 1023 922 ante
1043 856 1180 942 primum
1198 853 1382 922 decretum²
1405 853 1562 936 daremus,
1586 853 1671 943 quod

299 976 471 1033 contumax
499 985 565 1029 non
589 961 713 1045 fuisset,
743 977 866 1043 tamen,
890 985 964 1028 cum
988 963 1125 1048 primum
1152 962 1218 1028 eius
1246 973 1413 1028 excusator
1439 959 1497 1027 fuit
1520 959 1672 1048 repulsus,

299 1069 382 1138 nulla
406 1072 527 1138 ratione
552 1090 659 1156 posset
679 1067 816 1149 defendi,
840 1068 915 1156 quin
941 1068 1023 1135 inter
1046 1081 1252 1135 contumaces
1277 1066 1438 1134 habendus
1462 1065 1581 1147 fuisset,
1605 1089 1671 1132 non

300 1177 456 1259 obstante,
481 1174 568 1265 quod
593 1198 686 1263 super
710 1198 749 1242 eo
773 1173 972 1242 admittendo
997 1193 1085 1240 certo
1109 1186 1256 1261 tempore
1280 1171 1388 1240 fuisset
1411 1171 1612 1261 disputatum.

405 1318 529 1399 Terti0,
554 1316 640 1406 quod
665 1316 727 1383 hoc
752 1318 845 1383 ctiam
872 1315 930 1381 illis
954 1338 1120 1396 concess0‚
1144 1314 1230 1404 quod
1255 1313 1338 1382 illico
1362 1327 1435 1403 post
1458 1315 1596 1403 primum
1621 1312 1673 1381 de-

300 1438 422 1493 cretum
446 1441 617 1490 contumax
646 1446 713 1489 non
742 1420 865 1504 fuisset,
895 1445 968 1488 cum
997 1423 1134 1509 primurn
1164 1434 1270 1488 tamen
1296 1445 1312 1487 a
1337 1420 1387 1489 die
1416 1423 1566 1489 scientiae
1595 1420 1674 1488 illius

301 1530 418 1598 decreti
446 1530 550 1617 potuit
577 1548 819 1617 procuratorem
849 1529 974 1596 mittere
998 1547 1029 1595 et
1058 1551 1124 1594 non
1150 1527 1237 1609 fecit,
1268 1527 1349 1594 nulla
1379 1529 1502 1595 ratione
1532 1530 1674 1616 potuita

301 1637 500 1704 contumacia
524 1633 660 1703 defendi.

406 1778 476 1845 Nec
500 1776 617 1857 obstat,
646 1774 732 1866 quod
756 1788 867 1864 postea
896 1775 1125 1864 disputationes
1150 1774 1304 1843 admissae
1332 1774 1448 1843 fuerint
1472 1789 1502 1842 et
1530 1777 1604 1842 novi
1629 1798 1674 1840 ar-

301 1883 385 1951 ticuli
414 1884 547 1972 recepti,
576 1884 648 1972 quia
672 1884 776 1970 primo
801 1880 1067 1950 considerandum
1098 1905 1166 1949 esse
1191 1881 1341 1963 dicimus,
1370 1880 1456 1971 quod
1485 1883 1566 1949 inter
1589 1880 1674 1948 diem

302 1989 420 2058 decreti
445 2003 476 2056 et
491 1987 698 2056 admissorum
716 1987 966 2076 disputationum
991 1987 1103 2055 decem
1120 2010 1247 2055 menses
1267 1989 1494 2069 intervenere,⁸
1516 1986 1675 2077 inquibus

302 2108 387 2163 certe
403 2106 565 2182 praetextu
589 2095 680 2162 huius
696 2093 909 2176 admissionis,
932 2118 1012 2184 quae
1031 2107 1120 2162 tanto
1137 2108 1283 2184 tempore
1308 2107 1380 2182 post
1404 2114 1511 2163 secuta
1527 2108 1584 2175 est,
1608 2117 1674 2160 non

302 2204 405 2290 potuit
421 2225 439 2268 a
455 2202 546 2268 huius
563 2200 660 2269 medii
682 2203 837 2290 temporis
854 2202 1053 2269 contumacia
1078 2203 1234 2283 excusari,
1259 2202 1401 2269 secundo
1420 2200 1564 2282 dicimus,
1588 2199 1674 2289 quod

302 2320 378 2375 tunc
401 2308 512 2390 etiam,
542 2330 614 2374 cunr
640 2306 868 2395 disputationes
891 2306 1047 2375 admissae
1070 2306 1207 2390 fuerunt,
1230 2331 1297 2375 non
1322 2320 1427 2395 potest
1451 2307 1511 2375 dici
1536 2306 1566 2375 id
1590 2307 1676 2395 quod

303 2415 352 2481 isti
376 2427 646 2503 praesupponunt,
670 2414 756 2503 quod
784 2415 922 2502 primum
947 2412 1111 2481 decretum
1135 2412 1228 2481 fuerit
1250 2427 1450 2494 revocatum,
1475 2437 1546 2480 cum
1571 2411 1677 2480 multis

302 2518 475 2586 rationibus
504 2519 699 2602 ostendatur,
727 2519 814 2609 quod
837 2520 991 2588 Sanctitas
1015 2521 1128 2588 Vestra
1157 2519 1232 2588 illud
1260 2543 1410 2587 revocare
1438 2520 1589 2602 noluerit,
1618 2543 1676 2587 nec

303 2627 398 2692 etiarn
422 2648 462 2692 eo
477 2644 625 2714 tempore
642 2628 797 2714 potuerit3
826 2628 920 2695 tertio
938 2626 1060 2707 dicitur,
1085 2625 1171 2716 quod
1194 2626 1267 2695 licet
1284 2628 1438 2694 Sanctitas
1454 2627 1568 2693 Vestra
1592 2648 1678 2713 prae·

304 2730 385 2800 dicta
401 2731 579 2801 admisisset
603 2755 643 2800 eo
659 2734 779 2815 animo,
804 2746 838 2800 ut
862 2731 937 2800 illud
954 2731 1117 2801 decretum
1141 2745 1315 2815 revocaret,
1340 2735 1365 2799 si
1381 2732 1439 2799 sibi
1463 2731 1677 2799 revocandum

306 2861 374 2905 esse
397 2837 567 2921 videretur,
599 2839 663 2906 hoc
690 2852 798 2907 tamen
827 2862 894 2906 non
923 2840 1077 2928 potuisset
1104 2839 1216 2907 tollere
1244 2841 1476 2907 contumaciam
1505 2839 1588 2925 regis
1617 2840 1677 2904 iam

305 2956 478 3026 comatam,
514 2968 572 3012 nec
604 2944 772 3032 impedire,
808 2947 981 3035 quominus
1016 2969 1051 3012 ea
1086 2946 1212 3012 interim
1248 2959 1415 3030 augeretur
1450 2956 1480 3013 et
1513 2946 1614 3011 maior
1647 2945 1677 3010 in

304 3049 371 3118 dies
395 3048 496 3118 fieret.

410 3191 535 3273 Quarto
560 3205 591 3260 et
620 3193 732 3261 ultimo
756 3192 900 3275 dicimus,
930 3192 1017 3283 quod
1046 3195 1103 3260 etsi
1134 3192 1292 3281 praedicta
1323 3195 1432 3260 omnia
1463 3206 1620 3261 cessarent
1648 3206 1680 3261 et

304 3295 391 3386 quod
414 3297 565 3366 hactenus
588 3322 642 3366 rex
665 3311 837 3367 contumax
861 3298 967 3367 haberi
991 3323 1057 3366 non
1083 3298 1252 3381 debuisset,
1276 3312 1348 3387 post
1372 3299 1547 3368 secundum
1571 3313 1677 3366 tamen

305 3401 485 3486 decretum,
515 3428 579 3494 quo
605 3407 631 3472 ei
657 3404 746 3473 datus
775 3404 833 3474 fuit
861 3407 1016 3474 terminus
1043 3404 1083 3473 ad
1112 3418 1350 3493 procuratorem
1380 3407 1411 3471 in
1440 3406 1601 3494 principali
1626 3429 1680 3473 ne-

304 3511 395 3598 gotio
419 3511 638 3594 mittendum,⁴
662 3514 801 3579 excusari
826 3535 893 3579 non
917 3513 1088 3600 potuisset,
1112 3513 1187 3600 quin
1213 3511 1319 3599 elapso
1344 3513 1483 3579 termino
1509 3531 1680 3580 contumax

305 3614 424 3699 fuisset,
448 3640 520 3684 cum
545 3615 748 3686 manifestum
773 3619 823 3700 sit,
847 3617 933 3707 quod
958 3617 1119 3686 decretum
1145 3616 1220 3685 illud
1244 3616 1390 3685 eamdem
1413 3620 1480 3685 vim
1504 3618 1620 3699 habuit,
1645 3642 1680 3686 ac

306 3724 330 3789 si
354 3723 468 3790 iterum
494 3736 659 3792 excusator
676 3747 838 3813 expressse
862 3724 1004 3813 repulsus
1029 3736 1060 3792 et
1083 3747 1137 3792 rex
1161 3723 1199 3791 ad
1226 3723 1417 3791 mittendum
1441 3736 1681 3812 procuratorem

306 3827 538 3896 condemnatus
562 3829 682 3913 fuisset,
706 3829 779 3898 licet
803 3832 869 3898 eius
893 3829 1078 3898 defensores
1102 3829 1221 3898 levibus
1245 3829 1429 3919 quibusdam
1455 3831 1682 3898 consideratio·

307 3932 397 4002 nibus
420 3933 502 4002 aliud
526 3956 793 4025 praesupponunt,
817 3937 928 4026 quibus
952 3936 1076 4004 abunde
1099 3935 1319 4024 respondetur.

307 4090 377 4095 .—....
391 4090 507 4097 .—-.-.-.

413 4182 566 4238 ¹Namlich
586 4201 648 4238 vom
671 4185 710 4239 16.
729 4184 780 4256 Juli
803 4200 869 4257 1529
887 4185 952 4239 oder
972 4194 1055 4239 etwas
1075 4189 1163 4256 spiter
1184 4184 1222 4237 bis
1243 4182 1446 4253 Februar1531,
1466 4201 1511 4237 wo
1530 4194 1616 4238 zuerst
1635 4183 1682 4237 der

307 4252 454 4307 Exkusator
473 4271 522 4308 vor
540 4254 587 4308 der
606 4255 675 4309 Rota
695 4256 823 4310 erschien.
860 4255 929 4310 Acta
948 4257 1057 4310 consist.
1080 4270 1119 4310 12.
1138 4254 1170 4309 11.
1194 4270 1268 4324 1531.

414 4331 425 4361 ¹
442 4324 497 4378 Das
517 4334 587 4378 erste
605 4325 705 4380 Dekret
729 4327 762 4380 ist
788 4326 834 4380 der
854 4325 991 4380 Beschtuss
1012 4343 1075 4380 vom
1097 4341 1136 4380 12.
1157 4323 1271 4378 februar
1293 4341 1366 4395 1531,
1386 4326 1502 4380 wonach
1525 4326 1572 4379 der
1594 4324 1681 4379 Exlru·

308 4403 380 4449 sator
398 4395 471 4449 nicht
491 4395 643 4450 zuzulassen
662 4398 713 4464 sei,
740 4397 855 4451 sondern
875 4397 921 4451 der
940 4397 1032 4468 Konig
1050 4397 1128 4450 einen
1147 4395 1320 4519 rechtmaissip
1339 4396 1595 4467 bevollmichtigten
1614 4395 1682 4449 Vet-

308 4474 388 4519 treter
407 4466 531 4520 schickeu
550 4472 649 4522 musso.
686 4467 744 4521 Vor
762 4468 863 4521 diesem
883 4468 982 4521 Dekret
1006 4484 1070 4539 mag
1089 4476 1171 4534 etwa,
1196 4482 1227 4520 so
1245 4467 1279 4519 ist
1316 4482 1345 4519 er
1363 4466 1440 4531 Sino,
1465 4466 1590 4520 Heinrich
1601 4467 1681 4525 ‚noch

308 4535 389 4590 nicht
400 4545 543 4591 contumax
561 4554 690 4609 geweseu
710 4539 775 4604 sein,
795 4538 881 4592 sicher
900 4539 963 4592 aber
981 4539 1050 4592 nach
1069 4536 1232 4591 demselben.

368 4677 385 4730 b
414 4614 424 4643 ³
442 4606 565 4661 Namiich
585 4625 648 4661 vom
666 4624 705 4662 12.
725 4607 838 4663 Februar
856 4623 917 4677 1531
940 4609 980 4662 bis
1000 4625 1059 4662 zum
1078 4607 1276 4662 Konsistorium
1295 4624 1358 4661 vom
1380 4624 1420 4663 11.
1441 4608 1590 4662 Dezember
1606 4622 1681 4677 1531,

309 4694 329 4731 s.
349 4693 366 4730 o
386 4693 427 4732 eu.

412 4754 424 4786 ⁴
442 4747 542 4802 oeno
562 4765 625 4803 vom
644 4749 669 4804 8.
688 4750 739 4820 Juli
760 4764 836 4819 1532,
856 4765 877 4803 s.
897 4750 967 4803 oben
986 4749 1013 4803 S.
1033 4764 1092 4804 212.
