3836 5598
274 320 337 383 124
1495 336 1547 406 Juli
1567 352 1643 407 1529.

272 516 308 560 ac
325 504 507 581 praetensae
523 492 745 582 subreptionis,
769 492 965 580 obreptionis
982 516 1017 559 ac
1034 490 1175 561 defectus
1197 495 1384 562 intentionis
1400 493 1645 583 dispensationis

273 597 456 667 huiusmodi
471 601 549 667 vitiu
573 597 728 689 rebusque
752 599 817 666 aliis
840 600 874 665 in
889 598 966 667 actis
990 623 1101 666 causae
1123 598 1213 668 latius
1230 599 1372 669 deductis
1389 598 1645 692 deducendisque

273 717 306 773 et
328 703 453 773 illorum
476 706 660 773 occasione:
685 706 775 773 alicui
800 730 837 773 ex
854 704 1048 773 Reverendis
1072 705 1209 793 patribus
1225 706 1375 773 Dominis
1399 706 1502 795 palatii
1518 721 1646 795 apostu-

273 810 323 879 lici
339 833 502 879 causarum
526 809 720 879 auditoribus
737 813 830 879 etiam
847 813 1018 879 summarie
1042 823 1073 879 et
1089 832 1183 900 prout
1207 814 1238 879 in
1255 810 1498 895 beneficialibus,
1523 814 1549 880 si
1565 837 1646 903 opus

273 913 376 999 fuerit,
401 918 602 985 committere
625 915 807 999 audiendas,
836 915 1088 1006 cognoscendas,
1113 918 1321 1000 instruendas,
1353 932 1384 985 et
1407 931 1575 1009 postquam
1600 922 1646 986 in-

274 1034 390 1090 structa
413 1020 543 1105 fuerint,
572 1025 603 1090 in
621 1024 739 1092 Vestro
768 1047 858 1091 sacro
888 1025 1081 1092 consistorio
1109 1016 1233 1093 secretu
1258 1025 1419 1093 Sanctitati
1444 1026 1577 1093 Vestrae
1599 1049 1647 1093 re

274 1126 419 1197 ferendas
443 1152 516 1197 cum
540 1130 690 1197 omnibus
714 1142 745 1198 et
767 1129 898 1219 singulis
922 1132 986 1198 suis
1014 1128 1234 1213 incidentibus,
1259 1130 1522 1220 dependentibus,
1546 1155 1648 1199 emer-

274 1233 431 1321 gentibus,
455 1237 585 1304 annexis
610 1249 641 1305 et
663 1239 827 1320 connexis,
851 1260 924 1304 cum
948 1250 1116 1325 potestate,
1140 1238 1319 1306 Dominum
1336 1239 1512 1305 Henticum
1536 1261 1646 1325 regem

275 1364 453 1431 omnesque
481 1342 559 1408 alios
588 1357 619 1409 et
646 1343 789 1431 singulus
816 1342 1014 1431 supradictus
1043 1356 1075 1411 et
1102 1345 1133 1410 in
1159 1341 1288 1412 decreto
1312 1343 1362 1411 vel
1391 1346 1578 1412 executione
1607 1345 1648 1411 ci-

208 1503 212 1509 .
275 1447 403 1514 tationis
425 1450 608 1536 praesentis,
633 1450 871 1516 commissionis
895 1448 1078 1517 huiusmodi
1096 1451 1208 1538 vigore
1231 1448 1270 1516 ad
1293 1462 1396 1538 partes
1420 1448 1648 1532 decernendae,

276 1553 507 1637 nominandos,
536 1556 567 1622 in
592 1555 737 1623 Romana
761 1556 872 1637 Curia,
901 1568 987 1623 extra
1017 1579 1086 1622 eam
1117 1568 1147 1624 et
1176 1558 1207 1623 iu
1237 1556 1374 1644 partibus
1401 1557 1497 1623 toties
1525 1557 1649 1645 quoties

276 1681 357 1746 opus
385 1657 478 1729 fuerit
507 1672 538 1728 et
566 1661 645 1729 facta
673 1662 758 1750 prius
786 1663 836 1729 hic
867 1663 899 1728 in
923 1662 1019 1730 Curia
1048 1662 1225 1730 oratoribus
1249 1663 1384 1729 Domini
1407 1663 1537 1730 Henrici
1566 1664 1649 1751 regis

276 1766 487 1849 intimatione,
510 1779 586 1835 tunc
603 1780 688 1836 extra
706 1769 836 1836 Curiam
860 1770 939 1836 etin
956 1768 1104 1856 partibus,
1128 1769 1223 1836 etiam
1242 1791 1299 1857 per
1315 1766 1453 1836 edictum
1478 1767 1649 1857 publicum,

277 1872 416 1939 constitu
447 1875 618 1942 summarie
648 1874 687 1942 de
718 1897 784 1942 nun
815 1886 885 1943 tutu
916 1897 1059 1956 accessu,
1092 1872 1207 1942 citandi
1237 1898 1273 1943 ac
1303 1873 1414 1962 legatis
1444 1872 1650 1942 cardinalibus

277 1978 503 2046 commissariis
533 1978 700 2067 praedictis
731 1980 788 2048 sub
817 1982 1026 2069 suspensione
1054 2004 1071 2047 a
1100 1979 1228 2063 divinis,
1260 1993 1292 2047 et
1319 1979 1385 2047 aliis
1413 1980 1651 2070 quibuscunque

278 2084 503 2152 commissariis
526 2085 708 2174 apostolicis
732 2099 763 2155 et
786 2087 932 2153 Domino
957 2087 1099 2154 Henrico
1122 2088 1189 2175 regi
1212 2084 1352 2175 praefatu
1376 2109 1413 2153 ac
1435 2085 1501 2154 aliis
1525 2084 1651 2175 quibus-

278 2211 403 2278 cunque
428 2190 580 2259 iudicibus
607 2204 672 2260 tam
702 2193 867 2262 ordinariis
896 2216 991 2283 quam
1015 2194 1251 2273 commissariis,
1280 2193 1375 2260 etiam
1399 2192 1591 2280 apostolicis,
1621 2204 1651 2260 et

278 2296 403 2383 quoties
420 2295 574 2364 videbitur
597 2297 654 2364 sub
671 2299 811 2366 censuris
835 2309 867 2365 et
889 2297 954 2364 aliis
977 2299 1090 2386 poenis
1106 2297 1323 2366 ecclesiasticis
1348 2300 1440 2366 etiam
1466 2298 1651 2386 pecuniariis

278 2401 348 2488 ipso
364 2400 447 2470 facto
464 2404 496 2470 in
509 2417 659 2472 eventum
676 2427 743 2471 non
759 2405 923 2493 paritionis
940 2401 1145 2486 incurrendis,
1159 2406 1253 2472 etiam
1270 2403 1363 2471 simili
1377 2403 1483 2473 edicto
1500 2405 1532 2470 in
1548 2402 1652 2471 forma

278 2505 451 2592 inhibendi,
470 2532 680 2601 censurasque
698 2522 728 2578 et
745 2534 863 2599 poenas
884 2510 1065 2578 huiusmodi
1082 2509 1270 2577 declarando
1286 2510 1488 2599 aggravandi,
1507 2532 1652 2599 reaggra-

278 2613 382 2697 vandi,
405 2614 614 2683 interdicendi
637 2616 848 2707 auxiliumque
865 2616 999 2684 bracchii
1022 2615 1188 2684 saecularis
1204 2615 1384 2698 invocandi,
1408 2618 1503 2684 etiam
1528 2618 1554 2683 si
1570 2640 1652 2705 opus

280 2716 383 2801 fuerit,
408 2723 574 2790 oratricem
598 2724 790 2811 praedictam
814 2747 831 2789 a
854 2721 1091 2812 quibuscunque
1115 2723 1255 2789 censuris
1278 2746 1333 2810 per
1356 2746 1390 2789 se
1406 2721 1455 2789 vel
1478 2721 1573 2789 alium
1597 2745 1652 2788 seu

281 2824 358 2893 alios
381 2826 564 2914 simpliciter
587 2828 637 2895 vel
660 2825 698 2895 ad
722 2829 885 2910 cautelam,
909 2842 1004 2915 prout
1023 2830 1138 2895 iustum
1163 2827 1256 2896 fuerit
1279 2827 1463 2895 absolvendi
1487 2847 1652 2918 ceteraque

281 2933 391 2999 omnia
414 2944 445 3000 et
468 2932 526 3000 alia
549 2946 580 3002 et
602 2934 724 3023 singula
748 2936 779 3002 iu
799 2935 977 3022 praemissis
1002 2947 1033 3001 et
1049 2935 1129 3001 circa
1154 2958 1189 3001 ea
1211 2933 1456 3024 quomodolibet
1479 2935 1653 3002 necessaria

282 3050 312 3105 et
329 3050 509 3127 opportuna
528 3039 662 3107 faciendi
685 3053 717 3108 et
733 3041 915 3125 exercendi3
933 3082 973 3090 -
991 3041 1225 3131 decemereque
1247 3041 1368 3109 irritum
1394 3053 1425 3109 et
1448 3042 1542 3109 inane
1564 3039 1653 3131 quid·

280 3143 356 3234 quid
384 3156 495 3215 contra
521 3158 720 3234 praesentem
749 3167 781 3215 et
808 3148 841 3214 in
869 3172 906 3215 ea
929 3148 1039 3216 omnia
1067 3159 1097 3216 et
1120 3146 1242 3235 singula
1266 3166 1416 3215 contenta
1443 3148 1580 3216 scienter
1602 3147 1653 3215 vel

281 3250 467 3338 ignoranter
489 3252 640 3319 hactenus
656 3264 876 3341 attemptatum
900 3252 957 3322 fuit
979 3255 1087 3322 autin
1110 3253 1251 3322 futurum
1275 3255 1453 3341 attemptari
1472 3253 1652 3341 contigerit,

281 3368 347 3423 tam
375 3380 431 3445 per
459 3358 570 3426 Rmus.
601 3359 763 3427 Dominus
794 3359 965 3428 cardinales
994 3360 1116 3448 legatos
1146 3371 1178 3427 et
1206 3361 1443 3427 commissarios
1472 3382 1566 3449 quam
1596 3380 1653 3446 per

282 3462 359 3530 alius
382 3487 601 3555 quoscunque,
624 3489 788 3556 quacunqe
812 3479 843 3534 et
866 3467 1075 3557 qualicunque
1097 3466 1283 3534 auctoritate
1305 3464 1486 3554 fungentes,
1510 3462 1653 3554 acquod

282 3592 430 3658 praeseus
461 3573 632 3661 omniaque
662 3584 693 3640 et
720 3573 843 3662 singula
872 3575 906 3640 in
933 3572 1045 3642 eadem
1075 3584 1227 3641 contenta
1262 3583 1293 3639 et
1320 3569 1395 3640 inde
1425 3584 1531 3640 secuta
1560 3593 1653 3661 quae

283 3698 409 3766 cunque
432 3677 471 3746 de
485 3676 698 3767 subreptionis
722 3691 773 3747 aut
793 3678 990 3768 obreptionis
1006 3681 1084 3747 vitiu
1107 3691 1160 3747 aut
1182 3679 1369 3746 intentionis
1387 3678 1519 3745 Vestrae
1534 3677 1654 3744 Sancti·

283 3784 354 3850 tatis
378 3781 501 3851 defectu
518 3782 812 3875 quomodocunque
836 3787 1014 3875 impugnari
1038 3797 1091 3853 aut
1107 3785 1210 3853 nutari
1233 3786 1451 3872 nonpossint,
1475 3786 1582 3873 sieque
1598 3804 1654 3872 per

283 3912 490 3980 quoscunque
520 3888 654 3972 iudices,
686 3892 778 3959 etiam
808 3892 839 3960 S.
864 3893 901 3961 R.
926 3893 960 3959 E.
990 3889 1161 3959 cardinales
1192 3914 1227 3957 ac
1255 3888 1330 3957 dicti
1357 3889 1461 3979 palatii
1488 3887 1653 3978 apostolici

284 3996 443 4065 auditores
460 3994 598 4079 iudicari,
622 3999 805 4065 sententiari
822 3997 1012 4087 diffinirique
1029 3997 1153 4079 debere,
1177 3994 1296 4063 sublata
1312 3994 1432 4064 eisdem
1456 3996 1544 4063 aliter
1559 3997 1654 4062 inter-

284 4100 427 4191 pretandi
451 4103 670 4193 iudicandique
685 4103 841 4186 facultate,
864 4105 1043 4192 praemissis
1059 4127 1095 4171 ac
1111 4101 1368 4171 conclusionibus
1384 4103 1417 4169 in
1434 4124 1525 4169 causa
1543 4100 1654 4193 ,huius-

284 4207 373 4276 modi
397 4207 504 4277 forsan
519 4208 607 4277 factis
631 4221 662 4278 et
685 4209 792 4299 regula
810 4210 988 4278 Sanctitatis
1005 4211 1137 4277 Vestrae
1161 4208 1296 4298 desuper
1312 4208 1404 4290 edita,
1427 4206 1538 4298 quibus
1563 4205 1655 4274 dero·

284 4338 359 4403 gare
382 4315 515 4404 placeat,
539 4339 575 4384 ac
598 4316 877 4384 constitutionibus
901 4329 933 4385 et
956 4314 1206 4384 ordinationibus
1229 4315 1421 4403 apostolicis,
1444 4312 1516 4381 stilo
1540 4312 1654 4400 palatii,

284 4421 412 4505 iuribus,
435 4421 585 4513 quodque
601 4446 693 4490 causa
715 4446 772 4490 seu
788 4446 898 4491 causae
915 4420 1097 4490 huiusmodi
1120 4445 1188 4489 non
1204 4423 1267 4489 sint
1289 4420 1397 4488 forsan
1419 4418 1459 4487 ad
1475 4420 1653 4488 Romanam

285 4527 415 4596 Curiam
438 4528 579 4617 legitime
603 4528 769 4597 devolutae
793 4552 896 4618 neque
924 4530 955 4595 in
980 4552 1016 4595 ea
1044 4527 1082 4595 de
1106 4528 1182 4595 iuris
1205 4528 1390 4594 necessitate
1420 4522 1600 4593 tractandae
1623 4543 1655 4591 et

285 4633 454 4717 finiendae,
475 4634 645 4723 privilegiis
661 4657 788 4723 qouque
813 4654 845 4701 et
867 4633 995 4701 indultis
1019 4646 1051 4701 et
1073 4633 1183 4701 litteris
1200 4633 1381 4722 apostolicis
1400 4633 1469 4719 regi
1492 4644 1524 4699 et
1546 4627 1654 4697 iudici·

285 4739 343 4810 bus
371 4740 546 4829 praedictis,
574 4739 660 4830 quod
689 4740 818 4808 nonnisi
845 4741 877 4806 in
906 4740 997 4807 certis
1026 4739 1100 4808 loco
1130 4751 1162 4806 et
1185 4760 1293 4806 coram
1321 4738 1414 4805 certis
1442 4735 1595 4803 iudicibus
1623 4747 1655 4803 et

285 4859 407 4916 servata
430 4859 515 4915 certa
536 4846 639 4914 formu
663 4847 836 4928 conveniri,
861 4847 1130 4913 excommunicari
1153 4856 1206 4912 aut
1230 4842 1374 4911 interdici
1397 4845 1535 4930 possint,
1559 4843 1654 4910 etiam

287 4978 360 5021 cum
384 4953 543 5044 quibusvis
559 4953 702 5021 clausulis
725 4952 978 5042 irritantibusque
994 4951 1138 5033 decretis,
1161 4951 1256 5018 etiam
1280 4950 1304 5016 si
1322 4948 1361 5016 de
1384 4948 1443 5016 illis
1464 4948 1654 5039 illorumque
