3820 5592
281 287 320 354 18
1456 306 1553 382 Januar
1574 310 1648 382 1528.

277 464 482 533 occasionem
505 463 618 532 fuerim
641 478 762 550 nactus,
785 477 910 535 sanctae
926 468 1130 557 Apostohcae
1146 467 1236 537 Sedis
1259 490 1367 538 causas
1390 469 1473 560 apud
1488 470 1647 542 Sermum.

275 573 361 640 hunc
384 595 494 660 regem
517 572 650 659 posthac
671 572 886 662 promovendi
909 586 1002 664 atque
1025 574 1163 643 iuvandi.
1197 575 1259 644 Sed
1276 576 1315 644 de
1331 577 1380 645 his
1395 577 1525 668 aliisque
1541 578 1648 647 multis

275 677 314 745 ad
337 677 542 767 magnificum
566 679 704 768 equitem
728 679 909 747 Dominum
933 681 1126 769 Gregorium
1151 682 1321 766 Casalium,
1345 684 1450 771 regiae
1473 685 1646 754 Maiestatis

275 784 488 851 consiliarium
518 796 549 852 et
576 796 737 852 oratorem
766 786 988 874 impraesentia
1017 787 1136 870 scrib0,
1167 790 1217 855 cui
1247 801 1281 856 ut
1311 791 1518 857 certissimam
1549 789 1646 860 fidem

274 890 348 960 velit
371 891 403 958 S.
427 891 477 957 V.
493 891 526 956 in
549 889 698 957 omnibus
714 890 829 960 habere
853 892 1029 960 humillime
1051 916 1166 982 precor
1182 896 1273 984 eique
1296 919 1350 963 me
1373 898 1469 964 etiam
1492 920 1527 964 ac
1551 899 1645 966 etiam

273 998 529 1066 reverentissime
553 996 760 1065 commendo

375 1102 516 1171 Londini
541 1127 579 1171 ex
604 1105 684 1171 meis
707 1103 836 1172 aedibus
860 1103 911 1172 die
935 1127 965 1193 7.
989 1106 1123 1173 Ianuarii
1150 1109 1243 1193 1528.

916 1317 1091 1385 humillima
1114 1342 1150 1386 ac
1174 1318 1378 1388 devotissima
1402 1333 1541 1390 creatura

1047 1423 1088 1491 T.
1113 1424 1287 1493 Cardinahs
1311 1425 1404 1495 Ebor.

481 1564 589 1619 Lettere
607 1563 633 1618 di
651 1563 737 1619 Priuc.
757 1561 810 1619 voi,
833 1579 854 1633 5,
874 1564 892 1619 I.
910 1566 941 1635 18
961 1583 984 1618 u.
1006 1580 1047 1621 20.
1079 1565 1155 1638 OrIg.
1186 1565 1322 1622 Gedruclrt
1341 1569 1383 1622 bei
1402 1567 1453 1624 Th.
1473 1569 1490 1625 l.
1509 1587 1532 1625 c.
1552 1589 1576 1642 p.
1595 1585 1643 1641 557

375 1672 401 1709 n.
420 1654 480 1726 988,
499 1653 542 1706 bei
560 1653 624 1708 Poe.
644 1652 661 1708 l.
681 1670 703 1708 c.
722 1653 742 1707 I.
759 1667 786 1722 51
808 1653 878 1707 nach
896 1653 958 1707 dem
976 1653 1123 1711 Entwurse.
1159 1654 1278 1710 Theiner
1296 1656 1341 1711 hat
1359 1657 1460 1712 wieder
1478 1657 1525 1712 das
1543 1659 1644 1714 Datum

376 1758 400 1813 7.
413 1743 432 1797 I.
449 1756 515 1811 15²7
533 1750 596 1795 statt
611 1741 678 1810 1528
697 1742 792 1796 stehen
805 1741 894 1796 lassen
911 1742 965 1796 und
982 1741 1043 1797 laist
1061 1759 1093 1797 so
1111 1744 1137 1796 in
1157 1761 1182 1799 n.
1195 1745 1247 1816 987
1260 1744 1313 1799 und
1326 1746 1376 1817 988
1396 1746 1487 1818 Konig
1504 1747 1558 1801 und
1576 1748 1642 1802 Kar-

374 1830 444 1885 diual
463 1830 525 1884 dem
538 1830 635 1901 Papste
654 1848 686 1884 zu
705 1831 793 1884 seiner
805 1829 949 1901 Befreiung
961 1830 1047 1885 Gltrclr
1065 1832 1214 1886 wunschen
1233 1833 1287 1886 und
1300 1833 1435 1889 dieselben
1454 1834 1524 1889 dann
1544 1845 1596 1890 erst
1615 1838 1642 1891 in

374 1938 400 1975 n.
419 1934 472 1991 990
490 1918 544 1972 und
561 1934 608 1990 991
631 1918 688 1972 ihre
708 1918 868 1973 Teilnnhme
887 1936 920 1973 an
939 1920 1026 1973 seiner
1044 1918 1274 1991 Gesangenschaft
1293 1921 1465 1978 ausdrucken.
1503 1923 1580 1978 huch
1599 1924 1641 1979 die

374 2008 601 2078 Arcthsignatur,
620 2006 662 2060 die
682 2005 733 2062 Th.
753 2025 784 2061 zu
803 2007 905 2060 diesem
924 2006 1021 2061 Stuclre
1040 2008 1122 2078 glebt,
1141 2009 1174 2062 lst
1193 2009 1266 2063 nicht
1285 2009 1389 2081 richtig.

926 2184 986 2268 lb.

349 2324 535 2395 Heinrich
554 2325 639 2392 VIII.
663 2348 703 2392 an
727 2325 908 2393 Clemens
924 2326 994 2393 VH.
1042 2326 1246 2409 Greenwich,
1271 2329 1301 2396 8.
1324 2329 1439 2414 Ianuar
1466 2332 1559 2416 1528.

376 2467 494 2522 Gleichen
515 2467 623 2520 Inbelles
645 2468 695 2519 wic
712 2468 758 2520 das
778 2465 911 2520 Scbrer'ben
929 2466 1045 2539 Wolseys.
1083 2468 1161 2521 Beide
1180 2468 1311 2522 Schrea'ben
1334 2471 1393 2523 sind
1410 2472 1439 2524 in
1457 2472 1537 2525 ihrern
1559 2479 1640 2526 ersten

272 2557 340 2611 Teile
353 2556 472 2610 Anlwort
490 2556 542 2627 auf
554 2557 596 2610 die
610 2556 709 2609 Breoen
727 2556 770 2608 des
783 2555 883 2627 Papsles
900 2573 961 2610 vom
975 2571 1015 2623 14.
1030 2555 1089 2610 XII.
1106 2574 1118 2609 r
1121 2573 1182 2627 527,
1200 2559 1254 2611 und
1271 2558 1350 2612 dorin
1369 2560 1485 2613 erkldren
1503 2561 1574 2613 beide
1591 2562 1639 2613 den

267 2647 343 2718 Popsl
359 2647 412 2716 srtr
430 2644 498 2700 nicht
514 2644 655 2715 gabundan,
677 2644 719 2697 die.
743 2644 795 2697 r'bm
820 2661 872 2697 von
895 2645 944 2697 den
963 2644 1137 2698 Kaiserlicben
1160 2646 1387 2718 ausgedrungenen
1406 2648 1591 2720 Bedingrangen
1609 2667 1639 2719 (u

267 2735 422 2799 berbachlen,
440 2735 527 2787 rowell
544 2735 581 2787 sie
593 2732 669 2788 Recbt
687 2733 741 2785 und
754 2732 887 2803 Billiglrer'l
904 2732 1086 2786 aberschreiaen
1105 2734 1166 2786 oder
1179 2734 1236 2787 clem
1249 2733 1338 2806 Pnpstc
1355 2735 1410 2788 und
1426 2738 1511 2789 seinen
1526 2737 1639 2791 Butades-

266 2840 386 2895 genossen
410 2840 467 2892 qum
491 2821 610 2875 Nachteil
630 2820 763 2892 gereiclaen
787 2821 904 2874 konnten.
943 2819 1016 2875 Seine
1036 2821 1193 2893 persbnlichc
1218 2822 1416 2894 Angelegenheit
1439 2824 1570 2879 bebandelt
1593 2826 1640 2879 der

268 2911 356 2983 Konig
374 2913 403 2964 in
413 2911 556 2981 folgenden
572 2909 691 2963 Worten:
1452 2944 1455 2949 -

370 3051 459 3133 Quid
493 3069 599 3118 autem
630 3051 663 3117 in
695 3050 828 3117 Vestrae
861 3048 1039 3118 Sanctitatis
1073 3051 1206 3137 gratiam
1241 3051 1392 3122 hactenus
1428 3053 1635 3138 effecerimus,

267 3159 364 3245 longe
387 3158 524 3245 apertius
548 3168 579 3224 et
595 3155 771 3223 distinctius
787 3156 918 3243 posthac
943 3178 1036 3244 quam
1053 3155 1155 3224 adhuc
1172 3156 1213 3224 ob
1237 3171 1399 3227 recentem
1415 3158 1635 3229 liberationem

266 3264 419 3352 potuerit,
443 3263 557 3330 Vestra
580 3262 734 3329 Sanctitas
758 3274 948 3349 cognoscet,
979 3286 1018 3328 ex
1041 3284 1178 3350 quorum
1201 3276 1387 3332 nostrorum
1414 3267 1478 3333 iam
1506 3268 1635 3355 praesti-

265 3383 373 3438 torum
396 3367 579 3437 osficiorum
601 3369 788 3436 testimonio
812 3366 901 3436 facile
924 3367 1061 3436 iudicare
1083 3370 1210 3456 poterit,
1235 3384 1354 3459 quanto
1377 3371 1426 3438 his
1441 3374 1563 3439 maiora
1577 3372 1635 3440 sibi

266 3488 359 3567 queat
382 3474 422 3543 de
445 3474 538 3543 nobis
560 3474 712 3564 polliceri,
735 3497 831 3564 quem
855 3493 939 3541 certe
962 3473 1213 3542 addictissimum
1240 3488 1386 3545 nostrum
1410 3478 1552 3545 animum
1576 3477 1635 3545 sibi

265 3583 387 3671 totique
411 3605 485 3649 suae
513 3580 647 3648 famibae
676 3604 743 3647 non
772 3578 888 3670 absque
916 3578 1018 3649 fructu
1048 3580 1110 3647 hoc
1138 3581 1210 3649 solo
1243 3581 1351 3650 officio
1382 3584 1415 3650 in
1444 3595 1633 3673 perpetuum

265 3687 479 3756 confirmabit:
510 3690 536 3756 si
563 3686 710 3755 videlicet
739 3687 772 3754 in
801 3685 849 3752 his
879 3684 1108 3769 concedendis,
1139 3690 1171 3754 in
1200 3687 1311 3778 quibus
1343 3703 1451 3757 nostra
1480 3691 1633 3781 regnique

265 3796 365 3862 nostri
388 3793 470 3861 salus
495 3805 527 3862 et
549 3795 637 3882 quies
660 3803 802 3861 versatur
829 3804 861 3860 et
884 3791 924 3860 de
947 3791 1059 3881 quibus
1087 3811 1154 3859 tum
1180 3796 1297 3861 nostris
1324 3794 1444 3878 litteris,
1472 3807 1540 3863 turn
1564 3819 1634 3863 ora-

263 3900 385 3968 toribus
413 3899 495 3989 apud
522 3901 727 3968 Sanctitatem
744 3900 892 3967 Vestram
920 3921 1021 3986 nuper
1048 3897 1267 3967 ardentissime
1295 3923 1330 3967 ac
1354 3901 1633 3970 vehementissime

264 4008 398 4095 egimus,
422 4005 603 4095 benignam,
626 4005 749 4073 facilem
769 4017 800 4073 et
817 4028 1008 4094 propensam
1027 4029 1061 4072 se
1077 4005 1265 4093 praestiterit
1284 4018 1315 4072 et
1331 4007 1372 4073 ita
1388 4029 1449 4073 nos
1472 4006 1529 4074 sibi
1544 4009 1632 4098 Apo-

263 4111 454 4200 stolicaeque
478 4109 728 4193 conservandae,
756 4108 909 4178 iuvandae
933 4134 969 4177 ac
992 4108 1206 4199 protegendae
1230 4109 1304 4178 Sedi
1328 4123 1452 4199 praeter
1474 4111 1522 4196 id,
1545 4113 1632 4203 quod

262 4218 391 4307 quilibet
418 4218 565 4305 princeps
593 4240 632 4284 ex
659 4217 726 4284 iure
750 4214 858 4300 debet,
889 4215 1078 4304 adstringet,
1107 4227 1141 4283 ut
1170 4238 1231 4283 nos
1258 4239 1458 4307 regnumque
1485 4230 1632 4285 nostrum

261 4325 325 4390 suis
349 4344 475 4410 semper
490 4323 573 4389 votis
597 4323 872 4410 promptissimum
891 4323 931 4389 sit
954 4320 1105 4405 habitura,
1128 4323 1174 4389 uti
1190 4324 1292 4410 magis
1315 4322 1472 4410 sigillatim
1489 4347 1528 4391 ex
1544 4346 1631 4412 mag-

261 4428 357 4496 nifico
374 4428 520 4494 Domino
537 4427 635 4514 Greg.
652 4426 777 4494 Casalio
799 4440 926 4495 oratore
950 4446 1061 4495 nostro
1075 4428 1188 4496 Vestra
1203 4427 1369 4496 Beatitudo
1392 4428 1546 4518 intelliget
1571 4448 1629 4497 etc.

366 4551 411 4618 Ex
433 4552 519 4639 regia
543 4564 652 4618 nostra
675 4551 837 4633 Grenwci,
861 4550 912 4618 die
935 4553 965 4618 8.
989 4551 1122 4619 Ianuarii
1150 4554 1242 4638 1528.
1357 4641 1388 4708 H
1449 4642 1456 4656 ο

1390 4664 1524 4709 enrrcus.

469 4762 546 4818 Instr.
565 4762 641 4818 Misc.
653 4762 728 4818 Arm.
747 4762 793 4817 XI.
813 4780 884 4834 caps.
900 4779 922 4817 1.
941 4781 967 4818 n.
983 4779 1022 4819 11.
1042 4762 1119 4834 Orig.
1138 4764 1272 4819 Gedruclrt
1285 4765 1327 4819 bei
1342 4763 1394 4820 Th.
1412 4782 1437 4836 p.
1454 4765 1511 4834 556,
1530 4783 1556 4821 n.
1569 4766 1630 4837 987.

365 4850 509 4921 Bezuglich
534 4849 581 4905 des
606 4851 720 4905 Datums
745 4851 793 4922 giIt
818 4849 940 4905 dasselbe
965 4853 1018 4906 WIe
1041 4852 1084 4905 bei
1109 4850 1171 4905 dem
1195 4852 1401 4908 vorstehenden.
1438 4853 1530 4925 Vergl.
1557 4854 1630 4908 State

364 4937 462 5009 Papers
481 4938 539 4992 VII.
558 4953 593 5005 44
