3842 5592
284 303 344 365 102
1497 312 1556 383 Juni
1578 327 1654 383 1529.

280 474 517 564 religiosissima
547 487 579 543 et
608 473 647 543 de
670 473 792 543 infinita
815 475 964 563 patientia
995 476 1027 542 in
1051 487 1160 565 questa
1182 471 1400 554 tribulatione,
1431 496 1489 561 pur
1512 495 1529 539 a
1551 472 1655 562 questi

282 583 375 649 cenni
399 581 438 650 de
461 581 636 670 religione¹
660 605 726 649 non
742 606 777 649 se
793 594 918 650 accosta
941 593 1052 670 punto.
1091 582 1141 648 Ha
1164 603 1219 669 per
1238 603 1316 668 gran
1339 577 1547 647 sollevatione
1564 578 1603 647 de
1626 577 1655 645 la

280 700 389 755 mente
412 712 468 755 sua
491 700 523 755 et
544 711 601 776 per
624 686 712 755 buon
735 687 944 757 fundamento
969 686 1048 757 della
1071 710 1127 755 sua
1149 688 1265 755 iustitia
1288 697 1417 776 questo,
1446 685 1504 753 che
1528 684 1565 753 ab
1588 709 1654 752 am-

279 792 420 882 plexibus
443 796 536 883 primi
560 796 617 861 viri
641 796 807 862 accesserit
830 795 922 882 virgo
947 807 978 861 et
1000 796 1182 881 incorrupta
1204 793 1243 862 ad
1266 792 1357 860 huius
1381 792 1653 873 coniunctionem,

280 900 366 990 quod
388 912 553 989 persancte
576 903 655 969 iurat
678 912 772 990 atque
795 899 873 968 olim
898 899 975 968 dixit
998 912 1029 968 et
1050 900 1122 968 tutt’
1146 899 1225 967 hora
1248 897 1318 967 dice
1341 911 1373 967 et
1396 897 1535 981 afferma,
1560 900 1654 966 etiam

279 1007 338 1095 ipsi
360 1010 437 1095 regi.
484 1008 652 1090 Quaeres
675 1031 760 1097 pare,
785 1007 843 1076 che
866 1007 963 1077 faccia
986 1007 1117 1097 qualche
1141 1030 1256 1095 scrupo
1280 1029 1298 1073 a
1320 1005 1384 1073 Sua
1405 1005 1536 1073 Maesti.
1583 1005 1655 1071 Par-

278 1111 405 1181 tendosi
428 1112 466 1182 da
489 1137 542 1182 me
565 1113 678 1183 audete
701 1138 719 1182 a
742 1138 786 1181 un
809 1137 868 1182 suo
892 1113 1119 1203 allogiamento
1143 1114 1196 1203 qui
1226 1114 1259 1179 in
1282 1109 1411 1179 Londra
1434 1122 1466 1178 et
1492 1110 1512 1178 ll
1535 1109 1568 1178 fu
1591 1133 1654 1178 con

278 1216 299 1285 li
322 1220 393 1287 suoi
417 1219 612 1308 consiglieri;
649 1224 691 1288 ne
714 1219 794 1288 altro
827 1219 859 1288 di
882 1221 937 1309 poi
968 1218 1035 1288 fino
1059 1244 1077 1286 a
1099 1220 1200 1309 quest'
1225 1218 1303 1285 hora
1326 1220 1344 1285 ὲ
1367 1240 1516 1285 successo
1547 1219 1588 1284 ne
1612 1216 1654 1283 ho

278 1324 393 1392 inteso.

379 1430 429 1499 ·Le
457 1429 567 1499 lettere
595 1429 626 1498 di
649 1432 690 1499 V.
713 1432 860 1521 Signoria
888 1430 919 1499 di
942 1432 1007 1499 XV
1031 1432 1192 1520 capitaron
1216 1432 1269 1520 qui
1292 1428 1342 1497 alli
1363 1429 1434 1512 VH,
1459 1426 1654 1497 mandatemi

279 1534 328 1604 dal
351 1537 446 1605 Rm0.
470 1534 684 1621 Eboracense‚
714 1550 745 1606 et
768 1538 813 1605 mi
840 1561 924 1605 sono
948 1536 1177 1625 maravigliat0‚
1206 1560 1300 1605 come
1323 1537 1415 1603 sieno
1438 1547 1556 1614 venute
1587 1537 1653 1603 cosl

279 1640 347 1709 sole
377 1654 409 1710 et
431 1666 524 1711 senza
551 1642 643 1712 alcun
671 1644 821 1713 indirizzo
848 1643 899 1712 del
925 1645 1021 1713 Rm0.
1045 1644 1167 1732 Legato
1196 1644 1228 1710 in
1250 1643 1394 1725 Francia,
1423 1639 1530 1710 donde
1559 1640 1654 1709 furon

279 1748 426 1819 mandate
434 1755 455 1816 ².
501 1750 595 1819 Letto
619 1749 640 1816 il
655 1772 746 1839 parer
768 1749 840 1817 loro
864 1749 1059 1838 parendome
1083 1749 1194 1818 buono
1218 1762 1250 1817 et
1272 1751 1304 1816 in
1321 1749 1488 1838 proposito
1511 1746 1544 1814 lo
1564 1769 1653 1815 com·

278 1856 416 1922 municai
445 1854 495 1922 col
518 1855 613 1924 Rm0.
638 1854 738 1944 peril
765 1858 832 1924 mio
856 1858 1026 1924 secretario
1055 1869 1087 1925 et
1109 1880 1173 1924 con
1200 1856 1372 1924 laMaesti
1395 1853 1446 1923 del
1468 1877 1519 1937 re,
1547 1852 1652 1921 ch’era

276 1962 307 2026 in
325 1962 572 2049 Amptoncorte,
597 1974 628 2030 et
644 1962 722 2031 hora
745 1974 777 2030 et
796 1964 896 2051 prima
920 1986 986 2029 non
1011 1987 1072 2030 son
1091 1976 1238 2033 mancato
1263 1961 1294 2030 di
1317 1984 1486 2030 occorrere
1502 1984 1519 2028 a
1535 1957 1652 2049 quello,

279 2066 337 2134 che
360 2067 594 2135 sinistramente
618 2067 781 2137 havevano
804 2070 914 2137 scritto
937 2068 1095 2137 horatori
1118 2068 1148 2137 la
1170 2071 1271 2158 prima
1286 2068 1383 2151 volta,
1406 2065 1533 2157 quando
1557 2065 1652 2134 luron

278 2174 372 2255 citati,
397 2184 428 2241 et
451 2195 469 2240 a
490 2171 606 2262 quell⁰‚
630 2173 689 2241 che
705 2175 759 2262 poi
782 2175 951 2242 havessino
974 2188 1108 2263 possuto
1123 2174 1277 2266 :scrivere
1301 2187 1333 2243 et
1355 2172 1432 2241 holli
1456 2172 1523 2242 fatti
1546 2172 1652 2261 capaci

278 2280 366 2361 tutti,
396 2278 456 2347 che
479 2301 534 2367 per
558 2281 635 2348 niun
663 2279 764 2348 modo
788 2281 850 2349 Sua
873 2281 993 2351 Santita
1020 2294 1137 2371 poteva
1165 2285 1207 2350 ne
1234 2280 1357 2350 doveva
1380 2293 1467 2350 vetar
1498 2279 1557 2348 che
1585 2300 1652 2346 non

278 2384 434 2453 facessino
458 2384 564 2474 quello
589 2385 748 2454 ch'hanno
771 2384 849 2455 fatto
874 2389 976 2477 questi
999 2388 1139 2471 Cesarei,
1163 2400 1253 2457 tanto
1278 2386 1336 2455 che
1360 2385 1463 2455 alcuni
1487 2385 1526 2454 de
1550 2384 1653 2475 questi

279 2492 381 2560 nostri
409 2492 462 2581 qui
486 2490 687 2575 confessam,
718 2492 776 2561 che
799 2497 841 2561 ne
863 2493 885 2561 il
907 2518 941 2562 re
969 2493 1148 2563 medesimo
1172 2495 1205 2561 in
1228 2505 1341 2583 questo
1372 2516 1475 2582 regno
1499 2489 1652 2580 potrebbe

279 2596 439 2686 prohibite
463 2621 506 2666 un
530 2596 613 2665 simil
635 2610 702 2667 atto
726 2597 758 2667 di
781 2600 906 2669 iustitia.
952 2588 1090 2683 Ever0,
1114 2600 1173 2669 che
1196 2623 1350 2688 pensan0,
1375 2599 1433 2667 che
1457 2598 1520 2666 Sua
1534 2597 1654 2666 Santitt

279 2727 346 2772 non
375 2705 420 2771 sia
442 2726 498 2793 per
521 2705 647 2792 signare
674 2705 703 2773 la
726 2708 970 2789 commissione,
1001 2710 1041 2774 ne
1063 2729 1119 2795 per
1143 2729 1276 2774 avocare
1299 2704 1328 2773 la
1352 2728 1443 2774 causa
1467 2716 1498 2772 et
1521 2706 1599 2792 perd
1622 2701 1654 2771 di

280 2814 340 2900 qul
362 2809 460 2878 fanno
484 2813 562 2899 ogni
585 2812 743 2894 instantia,
767 2813 825 2881 che
849 2814 875 2878 si
898 2812 1037 2900 proceda
1061 2824 1093 2881 et
1116 2811 1292 2901 expedisca.

387 2916 457 2985 Che
473 2916 630 3006 consiglio
647 2917 757 2986 habbia
779 2917 910 2986 lareina
933 2920 965 2985 in
982 2931 1092 3008 questa
1108 2920 1350 3007 comparitione,
1374 2940 1442 2984 non
1457 2940 1491 2984 se
1513 2914 1653 2997 intende,

280 3024 358 3110 perh
381 3021 483 3090 alcuni
512 3025 650 3091 stimano
674 3024 733 3091 che
757 3023 924 3092 declinabit
950 3023 1074 3108 locum,
1102 3024 1204 3092 alcuni
1228 3022 1356 3106 iudiceS,
1385 3022 1487 3091 alcuni
1510 3021 1599 3089 l’uno
1623 3033 1655 3088 et

280 3126 393 3211 l'altr0,
417 3126 485 3197 altri
502 3130 560 3197 che
584 3153 652 3196 non
668 3132 854 3219 comparirl,
877 3129 946 3200 altri
970 3131 1029 3199 che
1051 3130 1209 3219 alleghera
1230 3129 1435 3219 pendentium
1458 3127 1520 3197 litis
1537 3151 1558 3195 o
1574 3126 1654 3197 altro

280 3252 430 3323 gravame
458 3248 489 3304 et
511 3234 753 3324 impedimento,
783 3248 814 3304 et
835 3235 882 3305 fra
910 3249 957 3305 tre
981 3238 1086 3324 giorni
1110 3261 1151 3305 ne
1174 3259 1300 3304 saremo
1324 3235 1429 3303 chiari.
1475 3234 1511 3301 Io
1536 3257 1603 3301 non
1626 3234 1655 3301 ci

282 3344 431 3410 mancarb
456 3365 517 3410 con
541 3353 625 3410 tutto
648 3341 813 3431 l'ingegno
837 3345 904 3411 mio
928 3367 984 3432 per
1007 3345 1132 3432 seguire
1153 3341 1269 3434 quello,
1294 3342 1378 3410 ch’io
1402 3364 1545 3410 conosco
1570 3364 1655 3408 esser

281 3448 429 3516 l'honore
452 3447 492 3516 de
514 3447 543 3515 la
566 3449 681 3517 iustitia
709 3448 741 3517 di
764 3469 874 3539 questa
901 3463 989 3520 santa
1011 3450 1092 3519 Sede
1117 3462 1150 3518 et
1172 3448 1203 3518 di
1226 3449 1288 3518 Sua
1311 3448 1446 3530 Sentii,
1476 3446 1599 3516 benche
1623 3447 1655 3513 in

282 3567 395 3644 questo
423 3568 505 3624 stato
529 3557 573 3625 sia
596 3557 675 3624 assai
703 3555 857 3644 impedito
881 3555 932 3624 del
955 3579 1055 3645 corpo
1084 3569 1116 3625 et
1138 3555 1189 3625 del
1215 3557 1336 3639 animm
1363 3567 1396 3622 et
1418 3554 1477 3623 che
1504 3576 1655 3643 appresso

281 3660 381 3730 l’altre
404 3660 630 3749 perturbationi
659 3663 751 3730 arrivi
774 3675 897 3751 questa,
926 3664 984 3731 che
1008 3665 1089 3731 costl
1112 3686 1132 3730 o
1157 3685 1225 3731 non
1253 3662 1297 3729 sia
1320 3662 1477 3730 memoria
1500 3658 1531 3728 di
1558 3684 1611 3729 me
1635 3682 1655 3727 o

282 3767 308 3832 si
331 3768 421 3854 pensi
438 3767 521 3833 ch’io
545 3789 639 3855 possa
661 3769 769 3836 vivere
800 3767 895 3836 d’aria
923 3793 943 3835 o
967 3767 1007 3836 de
1036 3767 1066 3836 le
1088 3766 1201 3836 facultd
1224 3767 1283 3835 che
1307 3768 1352 3834 mi
1381 3768 1534 3835 avanzarh
1563 3789 1604 3833 ne
1626 3763 1656 3833 le

284 3870 425 3940 calamitl
453 3871 483 3940 di
506 3873 639 3941 Romal.
685 3872 861 3962 Ilmiglior
885 3886 916 3942 et
938 3872 959 3940 il
986 3876 1040 3962 pih
1063 3873 1143 3943 duro
1167 3875 1253 3942 azaio
1277 3872 1337 3941 che
1360 3875 1405 3940 sia
1428 3895 1494 3939 non
1524 3872 1611 3960 regie
1634 3894 1655 3937 o

283 3977 361 4046 dura
382 3979 436 4066 piir
460 3979 518 4045 che
540 3981 617 4067 pub,
645 3982 687 4047 ne
710 3981 742 4047 io
765 4003 863 4069 posso
887 3979 951 4048 fare
974 3979 1160 4049 altramente
1184 3991 1216 4048 et
1237 4002 1320 4047 sono
1344 3979 1396 4067 gii
1418 4003 1455 4047 su
1477 3977 1654 4047 l'extremo.

284 4083 433 4173 Supplico
459 4085 497 4152 V.
527 4085 569 4167 S,
599 4085 657 4153 che
685 4109 702 4152 a
729 4097 843 4175 questo
872 4084 968 4154 faccia
998 4086 1129 4176 qualche
1156 4088 1226 4155 viva
1257 4097 1289 4155 et
1317 4097 1430 4174 pronta
1460 4086 1655 4173 provisione,

284 4190 451 4259 acciocche
476 4190 506 4259 di
529 4189 607 4259 fatto
632 4214 699 4258 non
723 4190 798 4260 cada
821 4193 853 4258 in
870 4190 1002 4281 qualche
1024 4217 1102 4281 gran
1127 4192 1287 4262 disordine
1304 4216 1324 4260 o
1341 4190 1515 4261 dishonore
1537 4189 1656 4259 indebi-

283 4294 429 4365 tandomi
453 4309 484 4366 et
507 4296 731 4381 mendicando,
755 4321 816 4365 ove
840 4322 908 4369 nou
931 4296 1075 4388 bisogna.

284 4444 495 4452 ——.,.-„..

392 4527 549 4582 ¹Eintritt'
542 4546 570 4581 ιιι
589 4528 666 4582 einen
686 4527 786 4583 Orden.
824 4529 850 4583 S
871 4528 987 4583 obenS
1009 4543 1048 4598 55.

392 4600 446 4652 S.
466 4598 508 4652 die
527 4598 731 4684 Bemerlrungen
750 4616 794 4652 arn
813 4598 938 4653 Schlusse
957 4598 1044 4653 dieses
1063 4599 1181 4654 Stirclres.

392 4675 403 4707 ³
421 4670 468 4723 Ber
491 4669 552 4723 dem
576 4669 661 4723 Saeco
685 4669 711 4722 di
733 4669 850 4723 Roma
843 4687 881 4722 rm
904 4669 958 4723 Mai
980 4684 1120 4739 1527war
1144 4670 1212 4723 auch
1235 4669 1282 4723 der
1304 4669 1413 4739 heutige
1437 4668 1525 4723 Palast
1544 4669 1656 4724 Giraud·

286 4739 439 4794 Torlonia'
433 4758 470 4794 rm
484 4740 573 4793 Boro
592 4756 691 4806 nuovo,
710 4757 764 4793 von
783 4740 923 4794 Bramante
942 4739 983 4794 ihr
1001 4740 1053 4795 den
1072 4739 1196 4795 Kardinal
1215 4739 1330 4794 Hadrian
1349 4756 1403 4794 von
1417 4739 1537 4795 Corneto
1556 4741 1655 4805 erbaut,

285 4809 409 4864 welchen
428 4757 637 4865 Heinrichonll.
658 4810 720 4865 dem
738 4810 817 4865 Kard.
838 4810 1009 4934 Campquio
1030 4827 1076 4864 aus
1095 4809 1187 4864 Anlass
1206 4828 1260 4865 von
1279 4809 1376 4864 dessen
1396 4818 1478 4864 erster
1497 4809 1655 4882 Legatione-

285 4881 354 4934 reise
372 4881 441 4934 nach
459 4880 606 4963 England'
599 4898 636 4934 rm
651 4881 730 4952 Jahre
745 4882 812 4950 1518
851 4881 950 4936 eschen
967 4890 978 4934 t
996 4882 1077 4948 hatte,
1097 4881 1218 4952 ga'nzlich
1237 4882 1396 4952 ausgeraubt
1415 4880 1534 4934 worden.
1564 4881 1654 4952 Vergl.

286 4951 419 5023 Sigonius,
439 4951 481 5006 De
499 4952 553 5005 vita
571 4951 647 5006 Laur.
667 4951 817 5024 Campegii,
831 4898 973 5008 bononiae
995 4952 1070 5022 1581,
1089 4969 1115 5024 p.
1134 4950 1211 5017 46u
1231 4951 1273 5023 63.
