3836 5598
306 326 365 385 158
1526 336 1575 409 juli
1600 355 1673 405 1530.

301 496 409 566 locum
433 494 566 585 Angliae
591 496 636 564 uti
659 520 726 564 non
749 509 869 579 tutum,
900 508 931 563 et
954 495 991 562 ab
1016 494 1155 563 ulteriori
1184 519 1335 584 processu
1359 497 1540 585 appellabat.
1580 497 1674 565 Unde

302 605 454 671 Sanctitas
468 604 591 685 Vestra,
616 616 650 670 ut
673 626 722 669 res
747 621 868 670 mature
892 602 1090 690 procederet,
1115 600 1282 684 ordinavit,
1306 602 1392 691 quod
1417 605 1604 670 commissio
1628 628 1674 671 re·

301 712 394 798 ginae
418 729 649 798 proponeretur
673 712 704 776 in
728 711 898 798 signatura,
925 722 956 776 et
979 707 1066 796 quod
1090 706 1159 775 data
1184 708 1360 776 oratoribus
1384 708 1463 776 illius
1487 709 1547 798 (sc.
1572 710 1673 798 regis)

302 819 392 904 copia
421 818 589 883 citarentur
619 815 656 882 ad
687 815 902 902 allegandum,
931 837 1027 903 quare
1057 812 1139 881 dicta
1167 814 1353 880 commissio
1377 815 1492 901 signari
1526 838 1592 881 non
1622 815 1675 884 de·

301 923 413 990 beret.¹
459 923 631 1009 Propterea
658 920 770 989 auditis
799 923 932 1010 saepius,
963 922 1057 988 etiam
1086 923 1118 986 in
1142 921 1300 1006 signatura
1332 943 1366 987 re
1390 919 1504 987 diutius
1529 923 1674 989 ventilata

301 1031 404 1095 visum
429 1048 475 1095 est
506 1030 683 1113 signaturae
712 1030 858 1095 omnium
882 1029 965 1095 votis
989 1029 1021 1093 in
1045 1050 1146 1094 unum
1169 1026 1445 1109 concurrentibus,
1474 1028 1560 1116 quod
1584 1052 1674 1096 causa

301 1146 431 1223 propter
459 1132 638 1201 manifestas
663 1135 858 1222 suspiciones
883 1147 914 1200 et
941 1136 1035 1201 etiam
1065 1144 1194 1221 propter
1222 1132 1466 1221 appellationem
1495 1136 1674 1202 committe-

301 1260 386 1308 retur
409 1243 440 1307 in
464 1241 561 1322 Rota,
586 1263 652 1306 non
677 1239 832 1321 obstante,
856 1239 943 1328 quod
971 1263 1062 1306 causa
1086 1258 1169 1306 esset
1193 1241 1364 1306 commissa
1388 1239 1603 1321 cardinalibus,
1628 1264 1674 1308 re-

302 1349 465 1414 cusatione
490 1358 520 1414 et
543 1345 752 1434 appellatione
776 1360 910 1428 remota,
934 1347 1006 1435 quia
1030 1345 1256 1432 intelligeretur
1280 1344 1318 1412 de
1342 1344 1478 1412 frivola.²

408 1471 510 1536 Causa
534 1468 648 1536 deinde
672 1472 703 1535 in
728 1470 811 1537 Rota
834 1471 1006 1536 commissa
1030 1471 1161 1557 petitum
1187 1466 1244 1535 fuit
1268 1469 1305 1535 ab
1329 1469 1505 1537 oratoribus
1522 1470 1674 1557 Anglicis,

302 1576 387 1664 quod
412 1577 443 1642 in
468 1599 503 1642 ea
527 1575 782 1663 supersederetur
806 1599 904 1664 usque
929 1574 965 1642 ad
990 1600 1045 1642 sex
1069 1598 1206 1649 menses,
1230 1575 1318 1663 quod
1341 1574 1457 1643 factum
1483 1588 1539 1643 est.

406 1700 475 1766 Nec
499 1723 572 1766 cum
596 1701 718 1766 ratione
747 1712 852 1786 potest
875 1701 1028 1787 conqueri
1052 1722 1115 1780 rex,
1145 1696 1231 1787 quod
1256 1698 1401 1765 cardinali
1426 1700 1605 1788 Campegio
1629 1703 1674 1766 in-

302 1807 443 1872 iunctum
467 1804 570 1887 fuerit,
594 1803 680 1894 quod
704 1806 736 1870 in
754 1828 845 1871 causa
869 1828 935 1870 non
960 1806 1188 1892 pronuntiaret,
1213 1805 1272 1870 nisi
1296 1805 1381 1891 prius
1405 1804 1445 1871 de
1460 1818 1541 1872 statu
1564 1829 1674 1872 causae

302 1925 333 1978 et
356 1911 486 2001 qualiter
509 1910 637 1978 ferenda
666 1922 748 1977 esset
771 1912 942 1992 sententia,
967 1911 1113 1977 Vestram
1138 1910 1343 1977 Sanctitatem
1372 1909 1574 1991 admoneret,
1603 1913 1673 2000 quia

302 2041 361 2084 nec
385 2041 452 2083 rem
481 2039 599 2083 novam
626 2040 686 2082 nec
709 2015 867 2082 insolitam
896 2015 986 2096 fecit;
1019 2040 1091 2082 nam
1124 2015 1217 2102 legati
1245 2014 1284 2082 de
1308 2015 1418 2097 latere,
1447 2016 1558 2106 quibus
1583 2041 1674 2084 causa

301 2122 401 2211 aliqua
430 2124 625 2208 interreges
653 2135 705 2188 aut
729 2144 860 2208 magnas
883 2145 1034 2209 personas
1062 2120 1226 2188 iudicanda
1250 2123 1469 2203 committitur,
1499 2146 1670 2213 numquam

301 2227 385 2293 soliti
408 2240 481 2294 sunt
504 2226 586 2293 illam
611 2226 767 2307 decidere,
792 2229 849 2293 nisi
878 2229 963 2315 prius
987 2226 1026 2294 de
1050 2226 1199 2294 omnibus
1224 2227 1412 2295 Pontificem
1438 2227 1672 2296 admonuerim.

302 2332 401 2414 Quod
426 2335 511 2400 enim
536 2335 593 2421 ipsi
617 2334 795 2422 Campegio
820 2335 996 2401 iniunctum
1022 2347 1083 2414 est,
1112 2356 1179 2400 non
1203 2333 1242 2399 ad
1265 2332 1500 2421 impediendam
1525 2336 1671 2401 iustitiam

302 2438 484 2507 mandatum
509 2459 566 2521 est,
591 2438 646 2507 sed
662 2451 696 2506 ut
720 2438 804 2521 illud,
828 2438 866 2505 ad
890 2438 977 2529 quod
1002 2437 1168 2506 ex'officio
1193 2463 1251 2506 suo
1275 2439 1450 2521 tenebatur,
1474 2440 1673 2529 adimpleret3

302 2545 363 2612 hoc
387 2558 491 2612 autem
517 2566 675 2612 servatum
696 2559 742 2612 est
766 2569 803 2613 ex
820 2546 911 2611 variis
936 2548 1035 2612 causis
1056 2565 1086 2612 et
1102 2546 1250 2628 maxime,
1275 2559 1308 2612 ut
1325 2569 1458 2627 errores,
1482 2547 1507 2612 si
1524 2546 1617 2635 aliqui
1641 2548 1672 2612 in

301 2650 500 2739 providendo
517 2653 754 2732 intervenerint,
779 2650 1000 2733 emendentur,
1025 2663 1056 2718 et
1072 2653 1097 2717 si
1113 2653 1351 2738 pronuntiatum
1368 2651 1470 2734 fuerit,
1491 2665 1524 2719 ut
1539 2652 1673 2741 querelis

302 2756 550 2823 incumbentium
576 2755 722 2823 Pontifex
746 2755 933 2824 informatus
957 2758 1057 2844 possit
1080 2779 1221 2844 congrue
1245 2756 1449 2844 respondere.

406 2881 484 2947 Non
506 2899 640 2968 possunt
669 2882 762 2947 etiam
794 2893 936 2947 oratores
965 2882 1117 2969 conqueri
1148 2880 1186 2946 de
1216 2880 1328 2948 ultimo
1357 2880 1459 2963 brevi,
1488 2895 1561 2969 post
1586 2906 1674 2948 coru-

301 2987 429 3052 missam
458 2987 490 3051 in
515 2986 596 3053 Rota
620 3009 744 3052 causam
769 2987 835 3073 regi
866 2999 1076 3073 praesentat0,
1105 2988 1176 3075 quia
1207 2987 1239 3051 in
1269 3009 1308 3052 eo
1340 2988 1578 3053 matrimonium
1604 3010 1672 3053 esse

302 3092 375 3158 iuris
398 3092 525 3179 positivi
554 3115 620 3158 non
645 3090 767 3172 dicitur,
791 3103 825 3158 ut
849 3104 991 3159 oratores
1015 3091 1239 3180 praetendunt,
1270 3091 1326 3160 sed
1349 3092 1607 3180 prohibitionem,
1632 3117 1673 3160 ne

301 3198 370 3284 quis
393 3220 527 3263 uxorem
551 3195 650 3263 fratris
679 3198 726 3263 sui
754 3198 822 3264 sine
845 3197 934 3285 prole
958 3196 1096 3265 defirncti
1125 3199 1157 3264 in
1181 3221 1269 3265 suam
1295 3197 1401 3279 ducat,
1426 3221 1494 3264 esse
1518 3200 1591 3265 iuris
1615 3222 1672 3287 po·

301 3302 383 3368 sitivi
414 3314 445 3369 et
475 3325 530 3389 per
558 3303 783 3369 Innocentium
810 3302 865 3369 IV.
895 3302 1108 3371 introductam
1138 3302 1260 3384 dicitur,
1289 3324 1320 3370 et
1348 3303 1499 3385 subditur,
1528 3303 1615 3392 quod
1646 3306 1672 3370 si

302 3427 383 3475 esset
407 3409 481 3474 iuris
506 3407 613 3489 divini,
637 3408 723 3496 quod
743 3432 780 3475 ex
805 3410 883 3476 iusta
908 3433 1000 3475 causa
1022 3421 1128 3497 potest
1151 3407 1297 3475 Pontifex
1322 3428 1431 3476 contra
1455 3432 1524 3475 eam
1549 3408 1673 3497 dispen-

300 3536 377 3580 sare.
417 3513 518 3595 Quod
546 3513 640 3581 breve
668 3526 792 3581 tantum
820 3516 971 3602 scriptum
1000 3529 1046 3582 est
1075 3515 1114 3582 ad
1142 3514 1319 3582 tollendum
1348 3517 1561 3582 conscientiae
1588 3539 1673 3582 scru-

300 3619 424 3707 pulum,
449 3642 514 3708 quo
537 3643 592 3687 rex
621 3620 781 3686 molestari
811 3620 1072 3709 conquerebatur,
1101 3644 1169 3686 non
1197 3634 1301 3687 autem
1331 3621 1370 3687 ad
1398 3619 1670 3687 determinandam

301 3748 424 3792 causam
450 3727 657 3813 interipsum
682 3740 713 3793 et
735 3728 878 3813 reginam
904 3739 1090 3807 vertentem,
1119 3726 1204 3816 quod
1228 3739 1323 3814 patet,
1347 3729 1417 3816 quia
1440 3729 1499 3814 ipsi
1523 3724 1582 3792 soli
1604 3728 1671 3815 regi

300 3830 442 3898 scribitur
474 3845 504 3899 et
534 3855 599 3898 non
631 3831 714 3914 aliis;
748 3833 825 3899 item
852 3853 952 3920 patet,
981 3831 1056 3898 dum
1086 3835 1117 3898 in
1147 3856 1186 3899 eo
1216 3833 1337 3915 dicitur,
1368 3833 1454 3921 quod
1481 3834 1507 3899 si
1535 3832 1671 3921 placeret

300 3938 404 4024 regiae
428 3937 593 4017 Maiestati,
618 3939 770 4004 Sanctitas
784 3939 896 4005 Vestra
921 3960 1014 4027 super
1037 3936 1268 4025 impedimento
1293 3937 1331 4005 de
1355 3961 1442 4004 novo
1467 3937 1670 4025 dispensaret,

301 4056 331 4109 et
355 4056 521 4131 propterea
550 4043 718 4110 clarissime
747 4056 885 4125 constat,
914 4043 1000 4132 quod
1030 4046 1061 4110 in
1086 4067 1125 4110 eo
1150 4067 1217 4110 non
1245 4044 1518 4132 praesupponitur,
1546 4042 1670 4131 dispen-

300 4149 455 4216 sationem
486 4150 620 4237 primam
649 4148 743 4216 fuisse
772 4149 905 4231 bouam;
940 4170 1100 4237 praeterea
1124 4150 1204 4217 clare
1228 4163 1369 4238 apparet,
1399 4148 1485 4238 quod
1513 4148 1670 4238 praedicta

300 4278 367 4321 non
392 4253 583 4344 impediunt,
612 4256 688 4343 quin
717 4267 928 4343 cognoscatur
957 4254 1119 4323 decausis
1144 4256 1397 4343 dispensationis,
1426 4257 1552 4345 quaesi
1578 4253 1670 4321 falsae

300 4360 525 4448 probabuntur,
550 4360 742 4449 dispensatio
767 4362 894 4442 corruit,
920 4374 950 4428 et
974 4364 1214 4428 matrimonium
1238 4364 1297 4428 erit
1319 4360 1500 4429 invalidum.

409 4617 414 4644 ¹
436 4609 526 4677 Vergl.
547 4608 616 4662 oben
636 4609 661 4662 S.
682 4624 723 4678 95,
744 4611 822 4661 llam.
844 4623 858 4660 2
879 4608 931 4661 und
950 4608 992 4662 die
1011 4608 1200 4662 Schlul‘snoten
1219 4627 1249 4662 zu
1270 4608 1315 4662 Nr.
1335 4610 1376 4662 61.

406 4687 416 4715 ⁹
435 4680 489 4731 Das
509 4678 548 4731 ius
562 4695 656 4732 canon.
696 4688 802 4732 estattet
821 4679 863 4732 die
878 4678 1048 4749 Appellatiou
1068 4688 1135 4733 trotz
1148 4678 1195 4733 der
1207 4678 1326 4733 Klausel:
1346 4689 1479 4733 remotae
1499 4678 1568 4748 pell,
1589 4696 1669 4732 weun

300 4749 437 4802 entweder
461 4765 530 4803 neue
554 4695 770 4819 Incidenzlragen
795 4748 978 4819 ausgeworfen
1003 4749 1124 4815 werden,
1150 4749 1216 4803 oder
1237 4749 1284 4802 der
1308 4749 1453 4820 delegierte
1475 4697 1583 4803 dichter
1607 4748 1669 4803 dem

300 4822 378 4873 einen
397 4820 462 4873 oder
481 4819 596 4872 anderen
616 4818 692 4872 Teile
715 4820 775 4873 kein
799 4821 914 4873 sicheres
934 4819 1031 4873 Porum
1056 4838 1087 4873 zu
1106 4821 1194 4874 bieten
1213 4837 1336 4891 vemrag,
1360 4820 1450 4874 beides
1469 4818 1552 4886 Faue,
1577 4819 1619 4872 die
1643 4822 1669 4873 in

300 4888 486 4960 vorliegender
511 4889 597 4943 Sache
622 4889 747 4945 zutrafen.
790 4891 897 4944 Decret.
918 4889 1000 4961 Greg.
1024 4891 1070 4945 IX.
1096 4891 1139 4945 lib.
1163 4892 1196 4945 11.
1221 4892 1259 4944 tit.
1284 4891 1316 4944 de
1342 4890 1569 4962 appellationibus,
1593 4907 1616 4944 c.
1639 4907 1667 4960 33

300 4979 324 5014 u.
344 4974 386 5028 47.
424 4959 449 5013 S.
469 4959 536 5012 auch
556 4959 598 5012 die
616 4959 872 5014 Kousistorialalrten
892 4979 954 5013 vom
978 4960 1086 5031 16.Ju1t
1108 4977 1182 5032 1529.
