3802 5606
256 360 326 415 Felix
348 380 399 415 von
419 363 499 416 Prato
517 362 581 414 uber
600 360 642 415 die
663 361 757 432 paipstl.
776 361 1002 432 Dispensgeualt.
1564 350 1627 411 239

361 522 463 595 Bnleyn
488 521 661 592 beigettagen
685 522 738 575 hat.
777 522 868 594 Vergl.
888 521 1059 587 Friedrnann,
1085 523 1221 594 1-229l30
1245 540 1269 578 u.
1290 540 1313 577 a.
1333 540 1356 575 a.
1375 521 1409 575 O.
1447 521 1628 593 Desgleichen

361 610 403 665 die
422 609 611 681 Betitrchtung,
632 610 687 664 dass
706 611 833 665 Heinrich
847 611 918 664 VIII.
938 610 1020 664 durch
1039 611 1081 664 die
1102 610 1213 666 erlcltirte
1232 610 1340 681 Absage
1359 627 1449 681 gegen
1468 610 1520 664 deu
1535 610 1629 663 Kaiset

360 701 386 753 in
405 717 473 771 ganz
498 698 682 753 unruhmliche
700 699 899 772 Abhangiglreit
924 717 976 753 von
997 698 1154 754 Frartlrreich
1178 698 1257 753 fallen
1282 698 1380 753 werde.
1418 698 1588 764 Friedmann,
1608 699 1628 751 1.

365 803 410 855 115
431 804 469 858 sq.
491 801 543 840 210
560 804 585 840 u.
605 804 628 840 a.
648 804 671 841 a.
691 786 726 841 O.

899 929 986 1012 141.

704 1067 945 1156 Theologische
968 1067 1183 1157 Abltandlung

308 1176 364 1244 des
388 1176 758 1264 Augustiner·Etemiten
782 1176 889 1243 Frater
911 1175 996 1242 Felix
1021 1199 1086 1243 von
1109 1176 1205 1243 Prato
1229 1175 1306 1243 tiber
1328 1175 1379 1244 die
1402 1174 1574 1264 papstliche

446 1281 702 1370 Dispensgewalt
726 1279 776 1347 bei
799 1281 1099 1368 Verschwa'gerung
1123 1282 1167 1348 im
1192 1294 1296 1349 ersten
1320 1281 1434 1350 Grade.

358 1442 540 1523 Quaeritur,
575 1464 614 1507 an
645 1441 796 1508 Summus
828 1439 976 1507 Pontifex
1009 1440 1119 1508 habeat
1152 1440 1333 1508 facultatem
1357 1438 1559 1527 dispensandi
1595 1440 1627 1505 in

256 1547 360 1635 ptimo
383 1545 541 1615 affinitatis
564 1547 677 1635 gradu,
706 1559 740 1615 ut
763 1549 832 1636 quis
856 1569 990 1614 uxorem
1013 1545 1114 1614 fratris
1137 1548 1184 1614 sui
1209 1545 1349 1614 defuncti
1376 1547 1445 1614 sine
1467 1544 1571 1613 liberis
1596 1546 1627 1611 in

256 1654 496 1721 matrimonium
518 1653 618 1720 valeat
641 1652 699 1721 sibi
723 1655 928 1740 coniungere.
1018 1659 1023 1667 '

362 1758 503 1841 Quidam
528 1761 614 1827 enim
637 1760 812 1827 recentium
836 1759 1094 1847 theologantiurn
1117 1759 1245 1827 scholae
1269 1758 1300 1827 id
1322 1760 1455 1826 minime
1485 1757 1527 1825 illi
1551 1781 1627 1825 con-

257 1888 380 1932 cessum
404 1863 562 1932 affirmant
585 1885 777 1947 asserenteS‚
805 1865 880 1932 iuris
904 1887 974 1932 esse
997 1864 1111 1947 divini,
1141 1888 1182 1932 ne
1205 1866 1274 1955 quis
1298 1886 1431 1932 uxorem
1456 1863 1557 1931 fratris
1580 1864 1627 1931 sui

256 1970 395 2057 accipiat.
441 1971 542 2039 Levit.
564 1974 601 2040 18
625 1995 661 2039 ac
686 1977 758 2039 20.¹
799 1972 866 2053 Qui
890 1968 1013 2038 duxerit
1037 1994 1170 2038 uxorem
1186 1970 1288 2039 fratris
1311 1972 1370 2052 sui,
1393 1993 1461 2038 rem
1484 1969 1556 2038 facit
1572 1969 1628 2037 illi-

256 2077 361 2158 citam,
385 2077 613 2165 turpitudinem
637 2077 737 2146 fratris
761 2079 809 2145 sui
832 2076 991 2159 revelavit,
1021 2077 1138 2166 absque
1160 2076 1232 2144 liliis
1256 2081 1323 2145 erit.
1369 2078 1421 2144 Ius
1449 2088 1554 2144 autem
1583 2074 1628 2143 di-

256 2183 366 2250 vinum
390 2196 421 2251 et
444 2196 571 2251 naturae
592 2185 654 2251 vim
679 2197 772 2274 atque
789 2183 885 2252 robur
908 2208 946 2251 ex
963 2183 1068 2272 divina
1085 2183 1231 2252 obtinent
1252 2185 1460 2266 institutione,
1484 2184 1627 2272 inquam

256 2287 373 2356 nullam
398 2291 533 2358 cuiusvis
565 2290 704 2358 hominis
727 2291 844 2378 insigni
872 2291 1058 2378 praestantis
1087 2289 1213 2379 fastigio
1237 2288 1397 2379 dignitatis
1427 2289 1539 2357 cadere
1567 2288 1628 2358 dis-

256 2396 476 2483 pensationem
508 2416 698 2464 asseverant.
751 2397 835 2464 Nam
864 2398 922 2464 etsi
952 2397 1067 2464 veteris
1095 2398 1277 2464 testamenti
1311 2407 1490 2484 praecepta,
1524 2418 1628 2462 caere-

257 2500 405 2568 monialia
421 2501 566 2570 videlicet
582 2515 614 2593 et
630 2500 793 2585 iudicialia‚
817 2525 873 2590 per
888 2501 993 2589 legem
1018 2502 1232 2591 evangelicam
1249 2503 1430 2591 Christique
1446 2502 1627 2591 passionem

256 2608 381 2694 penitus
404 2610 605 2691 evanuerint,
635 2608 766 2675 moralia
789 2606 935 2697 quidem,
958 2610 1024 2697 ipsa
1047 2608 1240 2697 approbante
1264 2607 1496 2697 Redemptore,
1524 2606 1627 2677 nullus

255 2712 406 2802 abrogare
431 2738 566 2803 compos
596 2714 716 2784 evadet.
763 2713 928 2782 Eiusmodi
956 2713 1139 2782 mandatum
1168 2716 1289 2783 morale
1316 2713 1523 2803 divinumque
1552 2737 1625 2781 cum

255 2820 294 2887 sit
317 2842 372 2907 per
394 2820 499 2908 legem
524 2822 641 2909 gratiae
665 2845 864 2911 nequaquam
888 2819 1035 2902 ablatum,
1059 2822 1210 2889 Summus
1233 2820 1379 2889 Pontifex
1404 2843 1444 2888 eo
1467 2817 1626 2888 affinitatis

255 2924 353 3013 gradu
377 2926 558 3015 dispensare
582 2925 665 2995 haud
688 2926 811 2996 valebit.
858 2928 915 2994 Vir
939 2948 1100 3016 praeterea
1124 2939 1155 2995 et
1172 2950 1252 2995 uxor
1275 2928 1308 2993 in
1332 2927 1539 2994 matrimonio
1564 2950 1626 2994 una

256 3030 433 3101 efficiuntur
461 3057 551 3116 caro,
583 3033 708 3102 dicente
737 3033 852 3117 Adam,
884 3035 1002 3103 Genes.
1037 3054 1056 3101 2
1091 3032 1185 3123 (24):
1221 3033 1444 3115 Quamobrem
1471 3032 1625 3123 relinquet

256 3137 356 3203 homo
380 3158 501 3226 patrem
525 3163 617 3207 suum
642 3152 674 3207 et
697 3158 830 3207 matrem
855 3152 887 3207 et
909 3138 1090 3207 adhaerebit
1112 3140 1203 3208 uxori
1226 3163 1311 3223 suae,
1335 3151 1367 3207 et
1390 3152 1482 3208 erunt
1505 3138 1569 3207 duo
1593 3140 1626 3206 in

256 3266 348 3311 carne
372 3268 443 3312 una.
489 3246 528 3313 Et
551 3247 696 3314 Salvator
726 3266 836 3314 noster
858 3245 970 3314 Matth.
1004 3267 1041 3332 19
1072 3245 1144 3336 (6),
1172 3247 1269 3314 Marc.
1304 3268 1342 3315 ro
1372 3245 1427 3337 (8)
1456 3259 1530 3335 post
1560 3247 1627 3313 eius

255 3352 429 3419 sententiae
462 3352 725 3440 approbationem
757 3350 889 3421 addidit:
930 3353 1000 3437 Jam
1032 3376 1099 3419 non
1132 3366 1206 3420 sunt
1238 3353 1319 3434 dun,
1351 3352 1408 3420 sed
1443 3376 1504 3419 una
1542 3375 1625 3419 caro.

255 3456 367 3523 Paulus
391 3481 519 3547 quoque
543 3458 566 3525 I.
591 3459 668 3526 Cor.
693 3462 712 3525 6
738 3457 816 3548 (16)
846 3457 1091 3525 fornicationem
1122 3460 1282 3527 insecutus
1305 3458 1443 3527 eundem
1474 3456 1526 3547 (ut
1554 3481 1627 3546 pro-

255 3562 408 3651 phetiam)
427 3562 554 3632 adducit
577 3587 772 3633 sermonem.
819 3564 856 3632 Et
884 3564 922 3632 ad
954 3563 1068 3652 Ephes.
1099 3585 1114 3650 5
1146 3563 1224 3655 (28)
1253 3565 1340 3632 iubet
1368 3587 1483 3632 uxores
1511 3576 1545 3631 ut
1572 3587 1628 3631 sua

257 3666 385 3756 diligere
409 3692 553 3759 corpora.
600 3672 667 3753 Qui
690 3694 791 3753 suam,
815 3671 867 3752 ait,
892 3692 1023 3737 uxorem
1049 3669 1158 3758 diligit,
1182 3694 1216 3738 se
1240 3672 1343 3759 ipsum
1368 3669 1477 3758 diligit.
1516 3669 1626 3737 Nemo

257 3774 342 3842 enim
367 3798 495 3844 carnem
519 3800 608 3845 suam
632 3800 772 3867 unquam
797 3775 873 3843 odio
898 3776 1013 3843 habuit.
1062 3774 1185 3844 Gradus
1215 3787 1320 3843 autent
1349 3777 1470 3863 primus
1493 3797 1627 3842 consan-

256 3881 416 3968 guinitatis
440 3879 482 3948 ob
505 3882 666 3969 sanguinis
683 3883 837 3949 unionem
854 3883 920 3951 iure
938 3880 1131 3950 interdicitur
1148 3879 1267 3950 divino.
1306 3883 1383 3949 Non
1400 3880 1494 3950 decet
1510 3883 1626 3972 quippe

256 3985 483 4075 turpitudinem
508 3989 775 4075 consanguineae,
799 3990 861 4056 hoc
884 4001 932 4056 est
955 3990 1085 4072 sororis,
1108 4011 1164 4076 per
1188 4000 1292 4056 actum
1315 3987 1454 4055 revelare
1476 3989 1627 4077 coniugii.

257 4093 382 4161 Gradus
405 4116 533 4183 quoque
556 4092 714 4162 affinitatis
737 4097 858 4182 primus
881 4096 1120 4163 matrimonium
1147 4094 1262 4162 eodem
1279 4093 1432 4183 impediet
1454 4096 1531 4178 iure,
1549 4096 1628 4163 eius-

257 4199 393 4289 demque
417 4199 556 4267 mulieris
580 4200 808 4289 turpitudinem
837 4199 986 4290 detegere
1014 4225 1082 4269 non
1105 4200 1225 4283 licebit,
1253 4202 1279 4267 si
1308 4200 1437 4290 quidem
1465 4200 1627 4289 turpitudo

257 4307 364 4372 uxoris
390 4304 492 4373 fratris
520 4305 682 4394 turpitudo
712 4306 813 4375 fratris
843 4320 899 4375 est.
952 4308 989 4374 Et
1018 4308 1139 4395 Greg0.
1172 4327 1208 4394 35
1242 4331 1294 4396 qu.
1327 4328 1365 4374 10
1395 4329 1461 4395 cap.
1508 4307 1628 4374 Frater-

257 4412 376 4479 nitatis:
411 4412 464 4479 »Si
487 4414 556 4501 quis
580 4435 658 4500 ergo
681 4415 850 4481 temerario
875 4426 907 4482 et
929 4413 1084 4502 sacrilego
1100 4438 1177 4481 ausu
1193 4414 1225 4480 in
1250 4410 1401 4480 defuncto
1418 4413 1538 4501 quaerit
1554 4435 1628 4499 pro-

257 4519 465 4607 pinquitatem
494 4521 693 4607 extinguere,
723 4519 774 4588 vel
802 4519 859 4587 sub
888 4520 987 4587 altero
1011 4519 1170 4588 affinitatis
1197 4518 1353 4588 vocabulo
1382 4517 1548 4607 dissipate,
1577 4520 1628 4588 vel

256 4644 466 4656 --——-..-...

257 4791 266 4836 t
287 4783 292 4794 Ι
347 4720 372 4836 t¹
390 4711 586 4779 Levit.18,16.
617 4713 819 4785 Turpitudinem
837 4715 925 4768 uxoris
939 4713 1024 4769 fratris
1042 4716 1081 4768 tui
1093 4730 1147 4767 non
1160 4712 1298 4779 revelabis,
1317 4713 1377 4783 quia
1395 4713 1529 4784 turpitudo
1542 4712 1628 4768 fratris

269 4801 294 4835 ur
318 4798 366 4837 es.

362 4853 446 4907 Levit.
467 4869 508 4921 20,
529 4869 570 4909 21.
608 4855 664 4916 Qui
682 4853 784 4908 duxerit
808 4873 918 4910 uxorem
938 4855 1023 4910 fratris
1042 4856 1095 4921 sui,
1121 4871 1178 4907 rem
1198 4853 1260 4907 facit
1283 4852 1415 4921 illicitam,
1438 4854 1627 4926 turpitudinem

257 4922 342 4978 fratris
360 4925 400 4978 sui
420 4924 557 4978 revelavit:
576 4926 675 4996 absque
694 4924 782 4979 liberis
800 4935 882 4980 erunt.
919 4927 966 4980 Bei
985 4926 1084 4980 andern
1094 4924 1200 4979 Citatcn
1213 4940 1260 4978 aus
1273 4924 1319 4978 der
1337 4923 1484 4980 111.Schrirt
1503 4925 1562 4980 sind
1579 4943 1627 4982 un-

257 4994 432 5049 wesentliche
445 4995 590 5049 Varianten
608 4996 678 5051 nach
696 4995 743 5049 der
755 4995 870 5070 Vulgata
889 4996 1073 5070 umgeandert.
