3842 5592
275 313 316 375 74
1474 322 1549 395 April
1571 338 1645 394 ¹5²9·

274 497 305 553 et
328 483 515 573 dispiacere3
545 507 622 573 pure
639 483 785 551 havendo
809 485 841 551 io
858 482 947 552 detto
969 482 1052 565 loro,
1076 482 1135 551 che
1157 506 1225 551 non
1248 508 1282 552 se
1306 508 1346 552 ne
1364 481 1500 552 essendo
1523 481 1568 550 fin
1592 483 1645 572 qui

272 591 392 679 parlato
416 614 477 659 con
494 591 556 659 Sua
572 590 690 658 Santitl
714 613 769 678 per
792 589 823 657 lo
840 587 1072 677 impedimento
1097 588 1180 657 dela
1204 589 1362 658 infernrith
1386 589 1417 657 di
1438 591 1499 658 Sua
1515 589 1645 672 Santita,

275 696 419 765 debbano
447 709 601 786 aspettare
630 696 657 763 la
685 696 881 764 resolutione
910 696 940 763 di
969 696 1031 764 Sua
1054 695 1266 779 Beatitudine,
1294 709 1409 765 stanno
1438 720 1554 765 ancora
1582 720 1645 765 con

274 817 382 894 questa
398 805 640 893 aspettationer,
665 815 696 871 et
720 801 827 885 cred0,
852 802 878 870 la
895 801 1046 892 principal
1070 826 1162 870 causa
1185 802 1216 870 di
1236 822 1350 892 questo
1374 805 1499 892 spaccio
1522 803 1568 869 sia
1590 825 1646 890 per

273 909 419 978 solecitar
442 921 473 977 et
495 911 631 997 stringer
654 909 686 978 di
708 932 807 990 novo,
831 909 947 998 perch'e
971 932 1012 976 ne
1036 911 1149 976 cavino
1172 908 1303 1000 qualche
1327 909 1548 977 resolutione.¹

379 1016 423 1083 La
454 1015 628 1104 penultima
661 1015 769 1084 lettera
802 1015 832 1082 di
858 1015 899 1082 V.
929 1014 960 1081 S.
993 1013 1023 1081 di
1054 1015 1117 1082 XV
1146 1027 1178 1083 et
1207 1016 1285 1082 XVI
1318 1015 1349 1082 di
1381 1014 1519 1083 sebbraio
1551 1017 1645 1102 porto

273 1121 429 1211 Monsigr.
454 1121 485 1189 di
512 1122 651 1210 Lauges,
683 1121 710 1189 el
739 1120 809 1211 qual
838 1125 855 1189 ὲ
884 1123 937 1211 qui
965 1139 1085 1188 venuto
1116 1144 1172 1209 per
1202 1120 1383 1189 ›rsollecitar
1411 1133 1524 1211 questo
1552 1142 1586 1187 re
1615 1139 1645 1187 et

273 1227 470 1295 Eboracense
494 1228 550 1296 alla
573 1227 666 1296 solita
682 1227 928 1307 contributione,
953 1226 981 1294 la
997 1226 1097 1316 quale,
1122 1227 1265 1295 secondo
1290 1229 1333 1294 mi
1356 1226 1425 1295 dice
1446 1228 1477 1294 S.
1495 1227 1526 1295 S.
1543 1227 1646 1309 Rma.,

275 1333 346 1400 edi
371 1333 458 1402 scudi
484 1355 521 1421 33
548 1334 622 1401 mila
650 1334 680 1401 di
708 1334 776 1401 sole
805 1333 833 1401 el
857 1357 961 1415 mese,
992 1346 1023 1402 et
1045 1310 1175 1401 l'hauno
1199 1346 1311 1422 pagata
1334 1333 1605 1402 continualmente
1629 1356 1646 1399 a

273 1452 382 1529 questa
405 1442 517 1527 ragion
541 1438 590 1508 dal
614 1463 702 1508 mese
725 1439 756 1508 di
782 1442 904 1528 giugno
929 1438 978 1508 del
1004 1460 1044 1527 27
1069 1463 1125 1528 per
1147 1451 1230 1507 tutto
1255 1439 1284 1507 el
1309 1442 1368 1522 28,
1401 1440 1478 1507 hora
1501 1438 1533 1506 di
1556 1462 1645 1506 novo

273 1544 293 1610 il
310 1546 559 1614 Cristianissimo
583 1546 612 1614 fa
628 1546 804 1628 intendere,
829 1570 914 1614 esser
930 1546 1064 1614 risoluto
1088 1546 1120 1615 di
1136 1546 1200 1613 fare
1220 1547 1379 1635 l'impresa
1395 1557 1506 1613 contra
1521 1545 1646 1634 Spagna

273 1653 305 1717 in
328 1674 476 1739 persona,
500 1665 531 1721 et
554 1676 610 1741 per
630 1665 743 1743 questo
768 1651 916 1720 dimanda
940 1651 971 1719 di
995 1654 1048 1742 pili
1072 1676 1134 1720 con
1156 1653 1233 1739 ogni
1257 1652 1403 1719 instantia
1427 1664 1458 1721 et
1481 1651 1592 1740 preghi
1616 1661 1647 1718 et

274 1758 387 1847 cinque
411 1758 485 1827 mila
500 1759 615 1848 Inglesi
640 1760 744 1849 pagati
767 1772 798 1827 et
814 1761 860 1827 sei
877 1782 956 1826 nave
973 1771 1103 1841 armate,
1127 1757 1210 1826 dove
1226 1758 1424 1826 Eboracense
1448 1755 1646 1846 ragionando

274 1865 319 1929 mi
343 1865 381 1931 ha
398 1864 497 1948 detto,
521 1864 542 1933 il
559 1866 807 1945 Cristianissimo
829 1888 915 1933 esser
937 1866 970 1932 iu
988 1867 1037 1934 cici
1061 1877 1151 1933 tanto
1167 1864 1312 1947 risolut0,
1336 1864 1394 1933 che
1417 1887 1557 1932 nessuno
1574 1861 1647 1931 delli

274 1972 345 2037 suoi
368 1970 488 2039 ardisce
510 1971 586 2040 dirle
611 1974 641 2039 in
667 1975 838 2055 contrario,
862 1990 893 2039 et
917 1972 976 2039 che
999 1996 1016 2039 a
1035 1970 1183 2039 Madama
1207 1983 1238 2039 et
1260 1971 1351 2039 molti
1374 1970 1442 2038 altri
1465 1993 1533 2037 non
1556 1972 1645 2057 piace

274 2089 383 2166 questa
406 2079 551 2166 impresa,
576 2097 606 2146 et
629 2078 658 2146 la
680 2078 849 2165 giudicano
869 2101 963 2146 come
988 2078 1192 2168 impossibile,
1216 2077 1247 2145 di
1271 2077 1479 2165 grandissima
1501 2098 1593 2164 spesa
1616 2086 1647 2142 et

274 2182 438 2271 travaglio,
469 2208 563 2252 senza
585 2207 734 2274 speranza
757 2184 789 2252 di
812 2184 916 2253 molto
940 2184 1054 2267 irutto;
1087 2186 1194 2274 etqui
1218 2185 1367 2267 stiman0,
1396 2183 1455 2250 che
1478 2181 1506 2249 la
1529 2204 1596 2248 non
1620 2181 1647 2247 si

274 2310 367 2376 possa
389 2288 464 2373 fare,
488 2295 529 2358 ne
553 2293 584 2357 in
608 2309 720 2380 tempo
745 2290 862 2374 debito,
888 2290 1062 2358 havendosi
1088 2291 1166 2358 hora
1189 2291 1396 2358 acominciar
1412 2313 1429 2356 a
1445 2286 1603 2356 condurre
1626 2286 1646 2353 li

273 2394 482 2464 Lanzchnech
511 2410 542 2465 et
564 2397 642 2465 altre
669 2399 773 2485 genti,
802 2395 876 2465 ch’il
904 2408 1015 2486 tempo
1045 2400 1113 2465 sari
1140 2408 1265 2486 passato
1290 2396 1320 2464 di
1349 2394 1394 2463 sar
1418 2394 1549 2484 qualche
1573 2416 1648 2461 cosa

273 2503 374 2589 prima
398 2503 456 2571 che
480 2505 569 2572 siano
594 2503 755 2587 condotti,
785 2516 816 2572 et
840 2505 978 2571 maxime
1002 2503 1139 2571 essendo
1163 2528 1180 2571 a
1203 2501 1306 2594 quelle
1329 2501 1482 2570 frontiere
1513 2501 1541 2568 le
1564 2512 1647 2567 terre

273 2606 347 2676 lorti
371 2622 402 2678 et
425 2609 446 2676 il
469 2634 562 2699 paese
587 2610 702 2693 sterile,
731 2613 757 2678 sl
781 2610 840 2678 che
864 2609 989 2690 dican0,
1020 2634 1086 2679 non
1111 2609 1131 2676 ll
1155 2632 1240 2677 esser
1263 2609 1409 2696 foraggio
1433 2630 1554 2697 perun
1579 2629 1645 2673 me·

273 2712 381 2782 diocre
398 2717 548 2784 exercito.
588 2716 799 2805 Comprendo
815 2739 941 2797 ancora,
967 2716 1025 2784 che
1048 2717 1149 2806 questi
1173 2739 1239 2783 non
1256 2715 1353 2783 fanno
1370 2713 1537 2782 volentieri
1559 2724 1645 2781 tanta

273 2843 363 2909 spesa
386 2834 418 2890 et
441 2823 499 2890 che
522 2821 708 2910 gl'incresce
731 2846 798 2890 non
822 2822 893 2890 solo
918 2822 949 2889 di
965 2822 1037 2912 quel
1060 2824 1124 2911 piu,
1148 2845 1200 2888 ma
1223 2821 1252 2888 la
1275 2820 1324 2888 del
1349 2819 1509 2887 ordinario
1529 2820 1645 2906 primo,

273 2926 293 2993 il
316 2927 408 3016 quale
430 2928 557 3017 quando
582 2928 770 2996 conclusero
795 2928 826 2996 di
850 2927 948 3012 dar10,
976 2928 1009 2996 fu
1032 2952 1088 3018 per
1111 2929 1139 2996 la
1162 2930 1298 3017 impresa
1322 2939 1433 2994 contra
1462 2925 1490 2993 la
1513 2924 1646 2992 Piaudra

273 3052 304 3099 et
323 3052 436 3122 questo
452 3056 547 3122 paese
569 3033 661 3102 basso
668 3061 677 3118 ;
700 3036 755 3123 poi
772 3033 1016 3118 considerando,
1040 3035 1099 3103 che
1114 3054 1327 3123 guastaranno
1350 3032 1370 3100 il
1389 3034 1519 3122 proprio
1536 3031 1643 3112 hort0,

274 3150 305 3206 et
328 3138 386 3206 che
410 3151 523 3228 questo
551 3163 654 3227 regno
682 3164 723 3208 ne
750 3141 824 3208 hard
852 3143 951 3229 patito
980 3144 1069 3224 assai,
1093 3141 1267 3210 voltorono
1291 3138 1397 3229 quello
1426 3137 1561 3206 sussidio
1589 3159 1658 3228 per

273 3244 358 3312 ltalia
381 3257 413 3312 et
434 3244 541 3314 fecero
557 3258 667 3334 tregua
691 3271 752 3315 con
770 3249 871 3337 questi
894 3249 991 3336 paesi,
1014 3247 1149 3338 laquale
1172 3246 1211 3314 da
1234 3270 1322 3314 novo
1339 3247 1447 3313 hanno
1470 3255 1644 3333 prorogato

202 3356 204 3361 ’
273 3373 334 3418 con
359 3349 494 3419 disdetta
517 3350 547 3418 di
572 3351 624 3420 dui
648 3354 759 3421 mesia<

377 3458 468 3525 Sono
491 3460 562 3526 stati
581 3460 682 3548 questi
705 3460 810 3547 giomi
836 3461 897 3526 »in
921 3459 1115 3547 consiglio
1139 3482 1233 3546 sopra
1248 3476 1357 3549 questa
1381 3457 1520 3538 materia,
1546 3468 1577 3523 et
1600 3456 1644 3521 mi

273 3561 342 3631 dice
365 3563 579 3648 Eboracense,
606 3565 665 3634 che
687 3589 765 3655 pure
788 3568 949 3647 vorriano,
979 3567 1039 3635 che
1062 3566 1123 3633 Sua
1147 3564 1267 3633 Santiti
1295 3563 1449 3632 indicesse
1478 3562 1506 3630 la
1534 3574 1645 3650 tregua

272 3665 415 3737 biennale
438 3670 496 3738 sub
519 3673 669 3754 censuris,
694 3671 887 3755 dicendomi,
911 3673 969 3740 che
993 3674 1025 3739 in
1049 3674 1147 3740 verita
1170 3673 1230 3739 essi
1255 3694 1321 3738 non
1345 3669 1453 3737 hanno
1478 3692 1569 3736 causa
1593 3676 1647 3736 ur·‘

272 3794 369 3862 gente
398 3774 429 3842 di
456 3775 501 3843 far
525 3776 553 3843 la
580 3801 692 3865 guerra
720 3780 752 3845 in
776 3778 917 3867 Spagna3
954 3802 1004 3846 ma
1034 3778 1107 3860 che,
1136 3777 1264 3867 quando
1288 3777 1405 3845 Cesare
1433 3799 1593 3843 recusasse
1616 3774 1643 3841 la

272 3890 383 3966 tregua
410 3904 466 3968 per
489 3884 623 3949 trattarsi
652 3883 680 3951 la
704 3907 795 3972 pace,
827 3884 945 3952 allhora
972 3908 1013 3951 ne
1042 3883 1227 3952 harebbono
1256 3885 1359 3973 giusta
1386 3905 1492 3964 causa,
1520 3880 1644 3948 benche

272 3983 304 4051 S.
328 3984 359 4052 S.
384 3986 475 4055 Rma.
499 4011 625 4076 sempre
654 3991 697 4055 mi
721 3991 930 4086 suggiunghi,
959 3991 1018 4058 che
1044 3989 1086 4057 lui
1115 4013 1148 4056 sa
1172 4001 1270 4072 cert0,
1299 3989 1358 4057 che
1382 3989 1413 4056 S.
1437 3988 1483 4055 M.
1508 3987 1644 4055 Cesarea

272 4093 436 4160 accettaria
459 4091 486 4158 la
509 4103 629 4180 tregua,
654 4106 685 4162 et
708 4118 764 4183 per
780 4107 892 4185 questo
915 4095 948 4162 lo
973 4096 1070 4163 eletto
1095 4095 1126 4162 di
1142 4096 1288 4184 Burgos²
1311 4107 1437 4163 oratore
1454 4095 1507 4183 qui
1530 4094 1555 4159 si
1578 4111 1643 4160 tor-

273 4220 366 4280 nava,
395 4196 417 4264 il
440 4197 530 4288 quale
559 4200 655 4268 multa
683 4202 715 4267 in
740 4200 802 4268 hoc
831 4201 869 4269 de
893 4203 1108 4291 propensione
1133 4201 1276 4271 Caesaris
1303 4200 1343 4268 ad
1369 4222 1509 4290 pacem,
1526 4219 1556 4268 et
1584 4199 1643 4267 che

272 4306 362 4371 verra
384 4303 442 4370 alle
470 4304 598 4373 confine
622 4330 639 4373 a
661 4318 801 4375 trattar«.
848 4308 892 4374 La
919 4309 1065 4394 ragione,
1096 4309 1155 4376 che
1178 4309 1219 4374 V.
1243 4308 1274 4376 S.
1299 4309 1400 4376 scrive
1428 4329 1484 4396 per
1511 4305 1643 4375 l'ultime

379 4471 388 4502 ¹
407 4464 457 4518 Die
470 4463 564 4531 Sache,
583 4482 628 4518 um
647 4464 689 4519 die
709 4482 737 4519 es
756 4466 813 4520 sich
832 4466 889 4520 hier
907 4466 1022 4533 handelt,
1042 4467 1075 4521 ist
1093 4468 1190 4521 immet
1207 4466 1309 4521 wieder
1327 4466 1374 4521 das
1386 4465 1642 4537 Erganzungsbreve

272 4551 326 4588 von
345 4534 425 4605 Papst
443 4534 526 4605 Julius
540 4535 582 4602 11,
602 4535 697 4589 dessen
717 4536 879 4591 Unechtheit
897 4554 960 4590 man
978 4537 1006 4590 in
1024 4536 1147 4609 England
1164 4537 1213 4591 ruit
1231 4537 1352 4592 solchem
1371 4536 1442 4592 Eifer
1461 4554 1491 4590 zu
1512 4536 1642 4590 erweisen

272 4605 329 4658 sich
347 4605 482 4659 bemirhte.
520 4605 703 4677 Campeggios
717 4606 898 4678 Vennutung‚
917 4606 973 4661 dass
992 4607 1048 4661 dies
1068 4610 1110 4662 eiu
1129 4608 1187 4662 Hau
1206 4608 1309 4663 tzweck
1328 4608 1374 4662 der
1392 4607 1490 4661 letaten
1510 4605 1642 4660 Gesandr-

273 4674 359 4729 schaft
381 4676 451 4730 nach
469 4675 539 4729 Rom
563 4692 691 4748 gewesen
715 4678 767 4743 sei,
790 4676 872 4732 findet
895 4678 951 4732 ihre
975 4677 1152 4751 nestatigung
1224 4679 1258 4734 ch
1281 4679 1323 4733 die
1341 4676 1641 4749 InstrultionWolseys

273 4762 336 4798 vom
361 4746 401 4800 28.
426 4746 472 4800 XI.
494 4747 560 4815 1528
585 4748 712 4815 (Brewer,
737 4748 782 4802 IV.
806 4766 831 4802 n.
850 4763 868 4814 4
888 4750 932 4818 78)
956 4749 1009 4803 und
1032 4749 1114 4803 durch
1137 4751 1183 4803 das
1202 4749 1346 4804 Schreiben
1365 4750 1420 4821 Jac.
1438 4747 1559 4802 Salviatis
1578 4764 1642 4801 vom

276 4831 314 4869 10.
334 4815 379 4870 IV.
402 4832 476 4888 ¹5²9·
513 4817 592 4871 Rusc.
611 4818 680 4873 Lett.
700 4818 725 4872 di
744 4818 795 4873 div.
815 4820 858 4884 64!
880 4835 901 4943 q}
920 4820 1064 4875 Porcacchi
1083 4821 1099 4875 l.
1119 4839 1142 4876 c.
1162 4836 1204 4893 29.

378 4887 484 4957 ’Inigo
503 4886 536 4942 de
555 4887 698 4956 Mendoza,
720 4888 862 4944 erwihlter
903 4890 993 4945 ischof
1008 4908 1062 4945 von
1081 4891 1193 4963 Burgos,
1214 4891 1363 4945 Gesandter
1381 4888 1458 4944 Karls
1472 4890 1504 4945 V.
1524 4891 1550 4943 in
1569 4889 1641 4960 Eug-

273 4956 342 5009 land.
379 4958 405 5011 S.
425 4966 507 5012 unten
525 4958 567 5011 die
586 4959 890 5032 Schlussbemerkungen
909 4979 941 5015 zu
959 4961 1006 5015 Nr.
1025 4975 1067 5030 45.
