3802 5606
255 389 360 458 Anglici
380 389 488 447 articuli.
1562 380 1624 440 217

254 561 317 615 tarn
342 547 452 615 debilis
476 547 682 639 infirmaeque
705 573 741 617 ac
765 549 915 619 delicatae
938 550 1169 640 complexionis
1197 563 1227 618 et
1252 564 1379 618 naturae
1403 549 1475 632 fuit,
1500 564 1533 618 ut
1557 574 1627 618 orn·

254 655 342 721 nium
358 653 475 722 iudicio
492 655 668 738 haberetur,
691 669 852 724 teneretur
869 668 900 725 et
915 670 1111 745 reputaretur
1133 659 1295 746 impotens
1311 655 1349 724 ad
1367 656 1626 745 cognoscendam

253 759 386 849 aliquam
415 760 580 830 mulierem
611 761 783 830 carnaliter.
830 763 868 831 Et
896 775 1062 852 propterea
1087 765 1231 831 omnium
1264 765 1358 830 etiam
1390 762 1507 830 iudicio
1535 786 1627 851 repu-

253 878 352 932 tatum
373 865 440 949 fuit,
464 866 551 956 quod
575 869 815 936 matrimonium
835 869 949 936 carnali
974 868 1086 959 copula
1106 888 1364 938 consummatum
1389 892 1455 936 non
1480 867 1581 937 suerit.

359 974 451 1042 Circa
474 973 536 1041 hoc
553 975 690 1062 primum
714 994 938 1063 argumentum
955 989 1064 1064 posset
1081 975 1151 1057 dici,
1175 975 1262 1064 quod
1286 977 1395 1063 regina
1419 977 1450 1042 in
1475 974 1626 1043 mandato

253 1078 335 1167 apud
358 1091 424 1148 acta
448 1078 606 1167 producto
630 1079 753 1163 fatetur,
782 1080 868 1170 quod
892 1084 1025 1150 Arturus
1048 1082 1147 1170 pubes
1171 1094 1203 1150 et
1225 1084 1270 1149 sic
1293 1081 1470 1171 completae
1499 1083 1628 1149 aetatis¹

253 1185 404 1273 puberem
428 1188 571 1274 reginam
595 1187 683 1256 duxit
705 1190 738 1255 in
754 1211 899 1256 uxorem.
945 1190 1071 1257 Fatetur
1095 1190 1188 1257 etiarn
1213 1190 1245 1256 in
1263 1188 1378 1257 eodem
1404 1187 1553 1256 mandato
1578 1210 1626 1256 re-

253 1293 336 1379 gina,
360 1290 446 1381 quod
470 1293 564 1360 simul
587 1317 642 1381 per
661 1294 777 1383 aliquas
802 1308 913 1362 noctes
930 1294 1163 1378 dormierunt23
1193 1295 1260 1362 iura
1282 1307 1387 1363 auteur
1411 1307 1627 1382 praesumunt,

255 1422 293 1466 eo
318 1400 398 1487 ipso
423 1398 508 1488 quod
532 1402 602 1489 quis
626 1412 673 1469 est
696 1399 805 1489 pubeS,
827 1399 913 1491 quod
938 1403 977 1468 sit
1001 1414 1116 1490 potens
1140 1400 1179 1468 ad
1202 1399 1444 1489 cognoscendas
1467 1398 1627 1480 mulieres,

254 1505 328 1571 item
354 1517 569 1592 praesumunt,
593 1505 679 1595 quod
704 1508 730 1572 si
746 1507 868 1573 iuvenis
892 1530 964 1574 curn
989 1505 1091 1595 puella
1107 1506 1282 1589 dormierit,
1306 1504 1392 1597 quod
1410 1529 1480 1573 eam
1504 1527 1627 1592 cogno-

252 1612 332 1680 verit
356 1611 527 1680 carnaliter.
573 1613 643 1680 Nec
667 1612 717 1680 lex
740 1625 942 1681 contentatur
966 1636 1022 1702 per
1045 1626 1207 1703 aspectum
1232 1612 1336 1695 faciei,
1369 1614 1441 1702 quia
1463 1611 1531 1679 talis
1555 1633 1628 1699 pro·

253 1715 337 1784 batio
354 1729 401 1785 est
417 1719 512 1785 nimis
528 1716 628 1800 fallax,
653 1732 684 1786 et
708 1720 774 1787 iura
789 1719 901 1788 volunt
916 1721 1065 1807 virgines,
1089 1743 1169 1809 quae
1187 1733 1315 1808 negant,
1338 1743 1372 1787 se
1389 1741 1458 1786 esse
1483 1718 1628 1806 cognitas

252 1847 270 1890 a
293 1824 422 1906 maritis,
446 1825 557 1914 inspici
580 1823 695 1892 debere
718 1848 774 1914 per
790 1838 950 1894 matronas
974 1827 1089 1914 peritas
1113 1837 1145 1894 et
1160 1827 1320 1909 honestas,
1344 1850 1383 1893 an
1405 1826 1468 1892 sint
1491 1836 1627 1914 apertae,

253 1941 285 1997 et
299 1930 356 1996 viri
381 1931 566 2019 impotestas
589 1954 645 1998 seu
664 1930 816 2019 frigiditas
840 1956 907 1999 non
924 1931 1073 2020 probatur
1095 1954 1152 2020 per
1170 1931 1325 2021 publicam
1351 1929 1467 1998 famam
1491 1943 1523 1998 et
1539 1954 1627 1998 com·

253 2059 383 2102 munem
409 2037 607 2125 opinionem,
632 2037 688 2105 sed
710 2061 767 2127 per
790 2037 847 2105 alia
870 2037 984 2106 media.

358 2142 506 2211 Secundo
539 2143 578 2211 ad
610 2143 806 2233 probandam
839 2146 1051 2233 virginitatem
1086 2143 1215 2212 adduxit
1246 2146 1354 2232 regina
1387 2142 1625 2211 confessionem

253 2249 374 2330 Artori,
402 2272 481 2338 quae
505 2249 654 2339 probatur
677 2274 734 2340 per
757 2263 821 2319 tres
847 2263 945 2320 testes
974 2251 1014 2319 de
1037 2249 1144 2319 auditu
1173 2250 1293 2333 abhis,
1322 2252 1375 2340 qui
1398 2248 1565 2319 audierunt
1589 2272 1627 2317 ex

253 2377 309 2422 ore
331 2357 447 2424 Arturi.
491 2357 582 2423 Circa
606 2356 668 2424 hoc
690 2355 932 2425 fundamentum
957 2370 1066 2446 posset
1089 2356 1160 2439 dici,
1185 2355 1272 2446 quod
1295 2355 1367 2424 licet
1390 2369 1486 2425 testes
1510 2354 1550 2423 de
1573 2379 1626 2423 au·

253 2460 319 2529 ditu
347 2462 478 2551 proprio
506 2462 656 2550 probent,
679 2475 787 2530 tamen
816 2462 855 2530 de
878 2461 985 2531 auditu
1014 2464 1129 2546 alieno,
1160 2475 1194 2531 ut
1224 2475 1272 2530 est
1299 2464 1332 2528 in
1357 2486 1430 2530 casu
1458 2463 1530 2544 isto,
1559 2484 1627 2528 non

253 2566 396 2653 probant.
442 2568 607 2636 Praeterea
636 2570 759 2636 etiamsi
788 2580 884 2637 testes
908 2568 1049 2637 dicerent
1073 2568 1113 2637 de
1137 2568 1243 2637 auditu
1270 2570 1412 2657 proprio,
1441 2587 1548 2636 tamen
1577 2568 1626 2635 isti

252 2684 349 2741 testes
372 2673 518 2742 videntur
541 2674 725 2763 singulares,
749 2694 781 2743 et
803 2687 900 2743 testes
923 2675 1096 2765 singulares
1120 2698 1187 2744 non
1211 2675 1356 2764 probant.

358 2780 471 2848 Tertio
503 2780 615 2849 dicitur
645 2782 754 2869 regina
783 2781 917 2870 probare
939 2783 1153 2871 virginitatem
1184 2805 1240 2870 per
1268 2780 1505 2849 confessionem
1537 2804 1627 2848 suam

252 2909 307 2975 per
324 2911 379 2955 sex
394 2900 501 2955 testes.
540 2888 652 2956 Posset
669 2886 740 2971 dici,
764 2887 851 2977 quod
873 2901 946 2957 sunt
961 2889 1145 2976 singulares,
1170 2899 1254 2957 etex
1274 2887 1404 2956 testibus
1420 2885 1627 2976 singularibus

252 3004 374 3060 tanturn
399 2993 511 3082 probat
534 3018 625 3077 arnus,
655 3007 807 3084 quantum
832 2994 944 3063 mille.l
989 2996 1154 3063 Praeterea
1177 2993 1305 3084 quando
1330 2993 1500 3081 probarent
1523 2993 1626 3081 plene,

255 3098 336 3167 dicta
365 3097 524 3167 confessio
554 3120 636 3168 esser
664 3100 918 3182 extraiudicialis,
946 3113 1033 3190 parte
1063 3101 1193 3170 absente
1221 3113 1253 3169 et
1280 3102 1348 3168 sine
1377 3102 1567 3180 iurament0,
1596 3111 1628 3167 et

254 3218 421 3294 propterea
443 3205 579 3290 videtur,
603 3207 689 3297 quod
713 3207 806 3296 plene
831 3231 898 3275 nou
922 3208 1045 3296 probet.

359 3312 485 3393 Quarto
513 3314 622 3382 nititur
649 3312 782 3403 probare
811 3315 1023 3402 virginitatem
1056 3338 1094 3381 ex
1123 3313 1326 3382 confessione
1353 3312 1481 3380 Henrici
1513 3312 1626 3378 octavi.

256 3419 347 3486 Circa
371 3417 504 3487 eandem
521 3419 758 3487 confessionem
782 3421 904 3508 possint
928 3420 1039 3488 eadem
1059 3420 1131 3502 dici,
1155 3444 1235 3509 quae
1251 3419 1334 3486 dicta
1356 3429 1430 3485 sunt
1446 3419 1526 3485 circa
1550 3440 1627 3483 con·

255 3523 427 3593 sessionem
453 3526 650 3608 Catharinae‚
674 3525 819 3595 videlicet
847 3525 933 3614 quod
961 3539 1058 3594 testes
1081 3539 1155 3594 sunt
1178 3524 1361 3612 singulares,
1386 3543 1417 3590 et
1441 3521 1527 3612 quod
1551 3546 1628 3589 con·

254 3627 349 3697 fessio
375 3631 510 3698 omnino
535 3645 582 3699 est
606 3631 843 3700 extraiudicialis
867 3645 897 3699 et
921 3644 1007 3720 parte
1031 3631 1170 3698 absente.

362 3798 370 3828 ¹
388 3790 444 3844 Das
463 3790 626 3861 gesetzliche
646 3791 720 3844 Alter
741 3790 780 3845 liar
798 3791 840 3844 die
859 3791 983 3844 Puberta'at
1003 3808 1059 3843 war
1078 3789 1179 3844 freilich
1199 3790 1361 3853 vorhanden,
1387 3787 1440 3841 und
1459 3786 1578 3840 bedurfte
1598 3804 1627 3841 es

255 3859 319 3913 dazu
338 3861 385 3915 des
402 3861 560 3932 Zeugnisses
578 3879 632 3915 von
645 3862 789 3916 Katharina
808 3863 888 3927 nicht,
907 3861 940 3914 da
959 3862 1001 3914 die
1014 3860 1197 3931 Taufregister
1215 3860 1253 3914 als
1267 3859 1431 3928 Geburtstag
1442 3857 1556 3911 Arthurs
1575 3857 1627 3912 den

256 3945 296 3986 20.
322 3931 479 4014 September
500 3931 567 3996 1486
593 3933 723 4004 angeben.
769 3933 795 3985 S.
821 3931 863 3985 die
889 3932 1129 4003 Zeugeuaussagen
1157 3932 1199 3985 bei
1225 3931 1350 3997 Herbert,
1377 3948 1401 4001 p.
1424 3944 1470 3998 113
1492 3928 1627 3997 (Thomas

254 4000 371 4110 Marqml
388 4003 542 4145 lldrrgltbie
561 4074 683 4145 Aussage
702 4074 749 4128 der
767 4073 884 4144 lionigin
903 4074 1046 4128 Katharina
1069 4073 1117 4127 sub
1137 4072 1224 4143 sigillo
1244 4090 1292 4127 vor
1310 4071 1389 4126 Kard.
1410 4070 1477 4154 (Janr
1499 4087 1534 4153 eg
1555 4071 1581 4124 'o
1600 4071 1627 4123 in

255 4141 351 4197 dessen
370 4144 512 4215 Depesche
532 4160 594 4199 vom
613 4144 654 4199 26.
670 4144 791 4199 Ohtober
814 4161 857 4197 am
877 4144 1010 4211 Schlusse,
1033 4145 1102 4198 oben
1121 4143 1168 4204 Nr,
1185 4159 1224 4213 31·
1261 4144 1335 4197 Dazu
1354 4143 1396 4195 die
1421 4088 1562 4195 ruhaltlrcll¹
1576 4139 1627 4223 fast

255 4213 468 4336 gleichlautende
492 4216 714 4286 Zeugenaussage
737 4215 784 4269 des
810 4215 880 4269 alten
904 4215 1027 4269 Bischol's
1051 4232 1104 4268 von
1128 4214 1178 4287 Ely
1198 4215 1240 4268 bei
1265 4214 1377 4267 Herbert
1400 4214 1416 4267 l.
1437 4230 1459 4266 c.
1483 4225 1538 4276 114.
1575 4211 1627 4264 Dre

276 4286 422 4339 risumtion
442 4285 489 4340 des
502 4287 597 4341 kanon.
611 4286 728 4340 Rechtes
747 4287 774 4338 in
793 4286 904 4339 solchen
917 4284 1008 4339 Fallen
1027 4286 1096 4339 laun
1109 4285 1182 4339 nicht
1201 4285 1239 4339 als
1256 4286 1361 4339 Beweis
1380 4300 1470 4354 gegen
1483 4283 1627 4335 Katharina

255 4354 396 4426 angelirhrt
416 4356 537 4423 werden,
556 4356 620 4410 weil
642 4357 698 4410 ihre
717 4357 873 4427 Zeugnisse,
893 4374 973 4409 wenn
997 4355 1207 4439 beweislrraftig,
1232 4356 1299 4410 eben
1322 4358 1382 4426 jene
1401 4354 1568 4407 Prasumtion
1588 4352 1626 4405 als

255 4427 321 4550 prigt
339 4426 460 4550 t(larthtpp.
498 4426 558 4481 Ihre
578 4427 723 4498 Zeugnisse
745 4427 851 4481 konnen
871 4428 953 4480 daher
971 4427 1043 4480 nicht
1062 4425 1145 4480 durch
1163 4427 1236 4479 drese
1255 4425 1440 4495 Prasumption
1463 4423 1544 4477 selbst
1568 4432 1624 4475 ent·

263 4513 300 4549 ·ra
323 4512 338 4550 e
368 4513 425 4551 wer
444 4514 486 4554 en.

362 4574 373 4604 ⁸
389 4569 425 4622 Es
438 4569 471 4622 ist
489 4569 562 4623 nicht
582 4568 740 4636 ersichtlich,
760 4586 866 4622 woraus
886 4569 942 4622 sich
955 4568 998 4622 die
1017 4568 1183 4651 singularitas
1199 4568 1306 4621 testium
1325 4565 1443 4636 ergeben
1455 4565 1514 4633 soll,
1533 4564 1566 4618 da
1584 4564 1627 4617 die

256 4640 376 4709 sonsrige
395 4638 515 4710 Fassung
538 4640 584 4693 der
602 4639 713 4693 Articuli
732 4639 784 4692 viel
809 4638 873 4693 eher
896 4638 944 4692 auf
958 4639 1148 4710 Einrnutrglreit
1172 4639 1225 4692 und
1248 4639 1283 4690 im
1304 4635 1496 4690 wesentlichen
1520 4635 1626 4706 gleiche

256 4709 377 4781 Aussage
396 4710 443 4763 der
457 4710 564 4795 Zeugen
583 4709 724 4764 schliessen
744 4709 827 4763 liesse.
859 4709 937 4764 Auch
956 4709 1002 4763 der
1017 4708 1174 4775 Grundsatz,
1193 4707 1249 4762 dass
1267 4717 1351 4761 testes
1370 4706 1518 4778 singulares
1538 4706 1625 4760 nichts

256 4780 399 4847 beweisen,
418 4780 473 4834 dass
494 4780 619 4834 lausend
637 4781 709 4835 nicht
728 4780 805 4834 mehr
823 4780 913 4851 gelten
934 4782 985 4834 wie
1006 4781 1091 4842 Einer,
1117 4781 1150 4833 ist
1169 4778 1228 4832 tells
1248 4777 1340 4844 salsch,
1360 4776 1419 4830 tells
1439 4777 1488 4830 mit
1506 4777 1626 4830 Unrecht

256 4866 344 4922 gegen
359 4850 402 4904 die
416 4851 533 4922 Konigin
549 4851 735 4923 angewendet‚
755 4852 788 4905 da
801 4851 869 4904 auch
884 4860 967 4905 testes
982 4850 1137 4921 singulares,
1156 4866 1237 4902 wenn
1251 4850 1289 4901 sie
1302 4848 1428 4901 einander
1445 4848 1517 4901 nicht
1530 4847 1625 4901 wider·

256 4922 395 5003 sprechen,
413 4939 505 4976 woran
525 4922 582 4976 hier
594 4922 666 4976 nicht
685 4939 716 4975 zu
732 4921 835 4975 denken
855 4922 895 4987 ist,
914 4925 938 4991 je
957 4922 1025 4975 nach
1039 4918 1252 4974 Beschafleuheit
1271 4918 1317 4972 der
1329 4919 1470 4989 Aussagen
1490 4917 1628 4972 entweder

256 5008 315 5046 erne
335 4992 512 5064 vollstandige
535 4993 600 5046 oder
618 4993 784 5063 wenigstens
807 4992 866 5045 eine
891 4991 1038 5062 semiplena
1062 4990 1183 5073 probatio
1208 4989 1351 5044 bewirlren.
1389 4988 1480 5061 Vergl.
1504 4987 1625 5059 Ferraris,

257 5062 382 5137 Prompra
401 5062 525 5119 Biblioth.
545 5064 681 5131 canonica,
700 5074 766 5117 rom.
785 5063 801 5117 8
821 5080 841 5118 s.
861 5082 885 5117 v.
905 5062 1002 5127 Testis,
1022 5070 1094 5117 artrc.
1113 5060 1146 5117 11.
