3842 5592
253 379 317 448 1528
336 378 500 451 September.
1575 362 1618 441 43

250 539 313 606 800
336 536 410 605 mila
432 536 490 605 3113
512 559 622 620 13330,
644 536 734 626 fargli
756 536 871 605 render
893 535 923 604 le
941 535 1042 626 polise
1065 533 1116 604 del
1139 534 1260 624 obligo,
1284 535 1343 604 313
1365 535 1405 604 13
1424 558 1487 605 303
1502 534 1619 625 Inghil·

250 662 341 726 terra,
363 655 396 711 et
410 642 455 732 gli
476 644 651 713 restituisse
673 643 695 711 il
712 644 941 732 primogenitu,
964 642 1079 731 poiche
1104 641 1247 709 haveria¹
1269 640 1348 710 13110
1366 643 1494 711 13111313
1516 641 1538 710 11
1559 663 1619 711 suo

250 750 388 819 exercito
411 761 443 817 et
466 773 538 818 reso
556 750 690 818 Genova
714 768 745 817 et
761 748 919 838 adempita
942 748 971 817 13
987 747 1226 837 capitulatione3
1255 747 1314 816 che
1329 747 1498 837 pagandoli
1521 749 1576 837 poi
1600 747 1620 816 il

250 868 333 926 resto
357 858 429 925 sino
452 855 502 924 3111
518 855 570 924 (131
595 855 729 924 millioni
752 856 795 944 gli
817 856 990 924 restituisse
1012 852 1292 943 l'altrofigliu0103
1317 865 1348 923 et
1371 854 1430 922 che
1452 856 1485 921 in
1509 853 1619 923 effetto

248 961 280 1030 10
302 963 497 1052 Imperatore
524 962 623 1031 havea
649 980 806 1044 recusato,
834 981 866 1029 et
890 960 948 1030 che
976 961 1040 1028 mai
1067 983 1134 1029 non
1162 961 1189 1027 si
1216 971 1406 1029 contentava
1433 971 1466 1029 et
1492 983 1620 1049 sempre

249 1091 432 1158 proponeva
454 1069 508 1157 pit
530 1069 633 1157 aspri¹
654 1068 758 1156 partiti
782 1067 936 1137 dicendo:
960 1069 993 1134 io
1017 1089 1100 1136 3030
1123 1065 1197 1156 quel
1220 1066 1280 1135 che
1297 1065 1385 1154 parlo
1409 1085 1441 1134 et
1459 1066 1619 1149 offerisco,

249 1186 281 1243 et
302 1173 365 1263 egli
391 1197 458 1241 non
481 1172 646 1263 risponde‚
671 1193 702 1242 et
724 1172 824 1242 multe
847 1173 923 1242 altre
947 1172 1069 1263 parole,
1094 1172 1154 1241 313
1175 1173 1255 1240 33113
1277 1171 1376 1262 lungo
1400 1172 1562 1256 scriverle,
1587 1174 1619 1240 in

248 1280 469 1350 iustificatione
493 1304 548 1349 sua
570 1292 602 1348 et
624 1280 657 1347 in
680 1279 837 1348 rebuttare
861 1291 941 1348 tutta
963 1279 992 1347 la
1014 1279 1106 1369 colpa
1128 1280 1161 1347 in
1183 1278 1215 1346 lo
1236 1279 1443 1367 Imperatore,
1466 1279 1620 1369 soggiun·

248 1387 356 1474 gendo
380 1386 439 1455 che
463 1387 526 1476 egli
541 1385 724 1455 desiderava
746 1385 775 1454 la
790 1409 878 1475 pace,
901 1398 934 1454 et
949 1385 1009 1454 che
1031 1385 1137 1454 faeeva
1160 1408 1217 1475 per
1231 1384 1285 1468 lui,
1309 1396 1340 1453 et
1359 1385 1418 1454 che
1441 1408 1508 1453 non
1532 1408 1620 1453 man·

249 1493 329 1561 caria
356 1494 526 1562 rimettersi
553 1516 680 1582 sempre
707 1492 970 1561 alserenissimo
997 1515 1033 1560 re
1062 1491 1094 1559 di
1117 1491 1233 1580 Anglia
1261 1515 1321 1559 suo
1349 1489 1415 1558 bon
1442 1490 1575 1575 fratello,
1603 1514 1621 1559 3

249 1599 310 1667 Sua
332 1598 531 1669 Beatitudine
554 1611 586 1668 et
608 1622 626 1666 3
648 1610 728 1667 13113
751 1599 930 1668 3113133111.

355 1706 394 1774 Ε1
416 1717 536 1796 quanto
556 1727 654 1795 posso
679 1704 909 1795 comprendere
932 1704 965 1771 lo
987 1704 1096 1771 animo
1119 1727 1189 1787 suo,
1213 1702 1257 1771 mi
1280 1726 1354 1792 pare
1373 1702 1434 1772 ben
1458 1726 1620 1792 propenso

248 1810 305 1880 3113
326 1835 404 1901 paee
428 1824 459 1880 et
482 1811 555 1880 ch'il
578 1834 731 1894 3030333,
755 1809 865 1880 ch'ella
888 1810 918 1878 13
940 1833 997 1898 per
1018 1809 1072 1894 lui,
1100 1809 1182 1881 3113
1204 1810 1359 1879 necessitl
1383 1810 1441 1878 che
1465 1833 1506 1878 ne
1529 1809 1621 1878 1313

249 1919 433 2002 cristianitl3
465 1941 517 1986 ma
533 1917 732 2007 comprendo
749 1940 876 2000 ancora,
900 1915 959 1986 che
973 1917 1018 2006 gli
1040 1939 1115 2005 pare
1138 1916 1234 1985 havet
1249 1914 1328 1985 fatto
1352 1927 1385 1985 et
1399 1914 1518 1986 offerso
1534 1927 1620 1985 tutto

248 2023 364 2114 quello,
388 2024 502 2113 ch'egli
525 2023 635 2094 debba,
681 2025 726 2093 Fu
749 2046 806 2112 per
828 2023 849 2092 il
871 2024 968 2093 Rmo.
986 2024 1108 2112 Legato
1132 2042 1164 2091 et
1187 2021 1227 2092 da
1249 2046 1302 2091 me
1325 2023 1428 2091 molto
1453 2021 1620 2091 exhortato

249 2153 266 2199 a
288 2142 399 2220 questa
427 2153 520 2219 pace,
549 2142 581 2198 et
603 2133 636 2198 io
664 2131 697 2198 lo
720 2130 885 2213 ricerchai‚
915 2130 974 2199 che
1001 2131 1028 2197 si
1056 2152 1109 2197 me
1132 2128 1225 2198 volea
1253 2130 1287 2197 in
1310 2130 1361 2197 311
1388 2127 1462 2197 dare
1488 2128 1621 2219 qualche

250 2237 488 2320 commissione,
512 2236 649 2306 essendo
672 2258 729 2324 per
743 2235 859 2305 andare
882 2236 915 2303 in
931 2235 1056 2324 Anglia,
1080 2235 1139 2304 che
1162 2258 1230 2303 non
1253 2235 1279 2302 31
1302 2233 1534 2304 133331313113
1557 2257 1621 2303 303

249 2342 320 2433 quel
343 2367 393 2427 re,
421 2342 511 2434 quale
535 2347 553 2411 ὲ
576 2343 827 2431 propensissimo
851 2365 869 2409 3
892 2352 1005 2432 questo
1034 2340 1155 2424 effetto,
1183 2339 1215 2408 di
1242 2339 1330 2409 farne
1359 2343 1437 2430 ogni
1464 2363 1561 2429 opera
1590 2352 1621 2409 et

249 2449 318 2533 che,
340 2473 375 2518 se
391 2448 475 2518 13333
499 2450 689 2532 necessario,
713 2448 772 2518 che
795 2459 1004 2516 3030313313
1028 2447 1113 2516 ch'io
1128 2448 1174 2515 sia
1196 2448 1274 2516 assai
1290 2446 1393 2516 debile
1416 2458 1449 2516 et
1471 2445 1620 2528 infermo,

250 2556 294 2623 131
316 2554 447 2624 offeriva
470 2553 501 2622 di
524 2554 656 2624 volunta
678 2554 710 2624 di
733 2555 774 2622 N.
791 2554 939 2642 Signore,
961 2551 1168 2625 transferirmi
1190 2555 1262 2622 sino
1286 2554 1318 2621 in
1341 2554 1475 2642 Ispagna
1498 2571 1620 2620 31303

250 2684 395 2730 mancare
419 2683 482 2729 con
506 2660 686 2728 l'authoritt
707 2657 738 2728 di
757 2660 799 2729 N.
815 2660 963 2748 Signore,
987 2657 1077 2748 quale
1100 2658 1133 2726 io
1156 2681 1269 2748 sapeva
1293 2659 1352 2728 che
1375 2660 1407 2727 in
1430 2670 1544 2749 questo
1568 2681 1621 2726 era

250 2778 404 2836 contento
428 2767 460 2836 di
475 2766 539 2835 1313
555 2767 633 2856 ogni
649 2789 756 2855 opera,
779 2765 896 2854 perche
919 2766 947 2833 si
961 2766 1087 2855 venisse
1103 2789 1121 2832 3
1135 2764 1268 2855 qualche
1291 2764 1398 2834 13033
1412 2765 1619 2834 resolutione.

249 2873 280 2942 S.
304 2874 349 2941 M.
374 2875 401 2941 si
422 2872 534 2941 risolse
562 2896 629 2941 non
653 2871 764 2962 parerli
787 2870 888 2941 darmi
914 2870 991 2940 altra
1013 2872 1259 2954 commissione,
1283 2883 1315 2941 et
1336 2882 1451 2962 questo
1478 2871 1523 2938 mi
1546 2893 1620 2959 pare

250 2979 309 3048 che
331 2978 485 3068 proceda,
513 2977 627 3066 ch'egli
650 2979 794 3047 existima
821 2977 917 3047 havet
940 2976 1059 3046 offerso
1082 2988 1166 3047 tutto
1190 2977 1296 3068 quello
1319 2977 1379 3046 che
1401 2977 1444 3067 gli
1470 2976 1621 3066 0313313-

249 3084 315 3153 bito
340 3097 371 3153 et
394 3085 543 3169 honesto,
567 3095 599 3154 et
617 3084 676 3153 che
699 3107 766 3151 non
790 3085 835 3152 sia
857 3107 914 3173 per
936 3082 1065 3155 l'honor
1087 3107 1147 3152 suo
1170 3082 1234 3153 1313
1257 3107 1342 3153 nove
1358 3083 1510 3152 oblationi
1534 3095 1566 3152 et
1588 3081 1621 3150 di

195 3272 198 3293 Ι
251 3213 337 3260 novo
361 3214 554 3280 promovere
570 3202 680 3282 questa
694 3191 811 3279 pratica
826 3189 878 3258 lui.
916 3190 985 3258 Ben
1004 3188 1203 3279 comprendo
1228 3190 1286 3259 che
1309 3213 1344 3258 se
1364 3189 1440 3279 parli
1464 3188 1514 3257 col
1530 3189 1621 3258 Sere·

194 3306 197 3315 '
250 3297 382 3365 nissimo
406 3295 446 3365 de
469 3297 584 3386 Anglia
613 3295 727 3365 313113
754 3296 912 3364 l'autoritl
939 3294 1025 3365 dis.
1049 3297 1095 3364 M.
1119 3297 1164 3364 sia
1191 3318 1247 3385 per
1274 3295 1400 3385 poterlo
1428 3319 1560 3364 movere
1590 3314 1622 3364 et

250 3402 361 3472 indure
384 3402 423 3471 ad
446 3404 524 3491 ogni
548 3425 637 3485 cosa,
665 3402 724 3470 che
748 3425 810 3470 con
834 3401 970 3470 honesta
992 3422 1024 3471 et
1047 3401 1173 3470 honore
1200 3403 1226 3469 si
1244 3425 1345 3491 possa
1366 3401 1440 3471 1313.
1479 3400 1621 3485 Quando

250 3510 320 3577 sard
345 3510 377 3577 13
399 3508 530 3597 Anglia,
558 3532 626 3576 non
650 3510 800 3576 13333311
824 3506 875 3576 dal
896 3506 1004 3576 debito
1032 3529 1149 3576 ancora
1176 3509 1209 3576 in
1232 3520 1357 3597 questo,
1385 3506 1492 3576 dando
1520 3508 1622 3577 conti·

250 3633 422 3683 nuamente
445 3615 534 3683 31130
557 3613 597 3683 de
616 3615 694 3703 ogni
716 3636 866 3683 successo
890 3626 921 3682 31
936 3637 1118 3703 progresso.
1157 3614 1205 3681 Lo
1229 3633 1346 3683 evento
1371 3612 1459 3683 dele
1482 3637 1558 3683 cose
1581 3613 1625 3683 de.

250 3719 366 3809 Napoli
394 3731 426 3789 et
453 3719 614 3789 13331313
641 3719 681 3788 de
708 3719 741 3787 lo
763 3719 974 3809 Imperatore,
1003 3721 1061 3789 che
1091 3743 1159 3787 non
1181 3718 1258 3788 vuol
1285 3743 1303 3787 3
1330 3719 1415 3788 10133
1443 3743 1547 3788 essere
1575 3721 1621 3789 iu-

252 3824 354 3909 dutt0,
378 3849 440 3894 con
463 3826 620 3895 l'autoritd
646 3838 678 3894 et
701 3826 849 3895 instantia
871 3824 911 3894 de
934 3826 975 3894 N.
1000 3826 1136 3915 Signore
1165 3837 1197 3894 et
1219 3825 1339 3915 l'opera
1362 3825 1413 3894 del
1434 3848 1469 3894 re
1492 3824 1533 3895 de
1556 3827 1622 3894 An-

251 3931 398 4020 ghilterra
424 3931 627 4021 potrebbono
655 3930 741 4001 forse
769 3929 833 4001 1313
861 3931 889 3999 13
912 3933 963 4000 via
984 3955 1003 4000 a
1025 3943 1135 4022 questa
1163 3955 1256 4021 pace;
1288 3931 1362 4001 alias
1389 3934 1435 4001 mi
1464 3955 1538 4021 pare
1562 3933 1622 4001 che

251 4039 407 4107 31331013
430 4039 597 4128 principio.

357 4144 449 4215 Circa
472 4143 493 4212 il
514 4143 659 4213 secundo
687 4142 818 4212 articulo
842 4142 874 4211 di
898 4143 1014 4213 Cervia
1038 4154 1069 4212 31
1092 4145 1244 4214 Ravenna
1266 4168 1333 4213 nun
1364 4167 1480 4213 manco
1509 4142 1541 4211 di
1569 4167 1622 4212 me

252 4251 313 4318 Sua
334 4251 457 4320 Maesti
488 4248 613 4320 detestd
646 4250 749 4341 quella
781 4251 1007 4340 occupatione,
1037 4251 1150 4319 iniuria
1182 4271 1213 4318 et
1242 4251 1394 4320 iniustitia
1425 4249 1499 4319 13113
1531 4273 1549 4318 3
1578 4250 1621 4319 Ν.

253 4355 387 4445 Signore
418 4367 450 4424 et
472 4356 555 4426 Sede
583 4355 772 4445 Apostolica
802 4369 833 4425 et
860 4354 959 4439 disse,
993 4357 1052 4425 che
1079 4379 1136 4446 per
1163 4357 1206 4425 lui
1234 4380 1302 4425 non
1326 4381 1378 4426 313
1407 4367 1556 4425 13333310
1580 4359 1621 4424 ne

254 4461 477 4547 mancarebbe,
505 4462 564 4530 che
585 4462 649 4531 Sua
671 4462 791 4531 3331111
819 4461 952 4531 vedesse
979 4462 1085 4554 quello
1113 4462 1173 4532 che
1202 4486 1259 4552 per
1288 4463 1329 4530 lui
1358 4463 1385 4530 si
1414 4473 1529 4552 poteva
1553 4460 1623 4535 tare

254 4579 286 4636 et
306 4567 388 4651 dire,
421 4568 480 4637 che
502 4579 591 4636 tanto
614 4567 740 4636 1313113
764 4580 795 4636 31
818 4569 887 4652 313,
916 4569 970 4638 s'el
994 4580 1122 4658 potesse
1145 4566 1371 4638 commandere
1393 4590 1411 4635 a
1434 4567 1625 4637 Venetiani⁸

256 4695 276 4739 0
304 4672 388 4742 fusse
417 4675 546 4762 signore
577 4673 608 4741 di
639 4675 789 4757 Venetia,
824 4675 938 4764 ch’egli
972 4677 1024 4763 gil
1057 4673 1254 4744 l'haverebbe
1293 4673 1457 4742 restituite.
1511 4671 1548 4739 Io
1578 4672 1622 4760 gli

255 4775 313 4847 feci
345 4779 526 4864 intendere,
563 4780 622 4849 che
657 4780 866 4850 »Venetiani⁴
900 4803 994 4850 come
1026 4778 1131 4869 cupidi
1164 4779 1196 4848 di
1226 4778 1391 4848 dominare
1425 4800 1493 4847 non
1524 4800 1622 4846 erano

360 4945 368 4975 ¹
388 4936 439 4993 Th
458 4938 569 4993 havera.
676 4939 756 4995 ¹Tu
775 4939 841 4995 altri.
949 4946 960 4979 ⁸
977 4939 1029 4996 Th.
1048 4938 1170 4993 Venetia.

359 5007 529 5063 ‘Venetiam
547 5007 612 5063 fehlt
631 5010 673 5063 bei
692 5010 817 5066 Theiner.
