3842 5592
263 356 326 432 1528
345 354 428 435 April.
1585 347 1627 414 35

258 522 329 590 alias
341 525 373 589 in
386 546 446 590 suo
461 522 578 591 robore
594 520 759 606 duraturis,
775 521 879 613 quoad
896 520 1097 591 matrimonia
1112 539 1212 611 perte
1225 522 1441 590 contrahenda
1453 522 1628 611 specialiter

258 642 288 697 et
311 651 457 717 expresse
481 628 672 717 derogamus
696 651 825 696 necnon
848 630 965 717 potiori
981 652 1039 717 pro
1064 628 1183 698 cautela
1207 640 1239 696 et
1261 648 1295 696 ut
1319 628 1382 696 hoc
1404 640 1550 697 nostrum
1574 628 1627 698 de·

259 746 379 803 cretum
403 736 573 803 certiorem
596 736 744 803 sortiatur
767 733 915 802 effectum
939 734 1079 825 nihilque
1103 736 1253 823 deinceps
1277 759 1315 802 ex
1339 734 1506 823 praedictis
1531 759 1626 804 cano·

258 840 347 909 nibus
375 840 499 929 allegari
529 853 639 930 queat,
667 840 754 930 quod
784 843 986 909 matrimonia
1014 864 1070 930 per
1101 855 1133 910 te
1166 839 1381 908 contrahenda
1413 842 1625 930 impugnaret,

258 946 455 1015 causantibus
477 946 611 1015 fortasse
633 946 803 1036 aliquibus,
832 971 899 1014 non
927 970 984 1036 per
1011 945 1146 1015 modum
1170 946 1286 1014 decreti
1317 965 1370 1014 aut
1398 947 1625 1037 derogationis,

257 1051 312 1121 sed
335 1052 578 1142 dispensationis
602 1052 745 1142 specialis
769 1053 845 1121 haec
868 1051 936 1120 fieri
960 1065 1126 1141 oportere,
1150 1064 1257 1120 tecum
1280 1064 1405 1120 utnon
1428 1052 1625 1123 obstantibus

257 1159 442 1242 canonibus,
466 1158 756 1242 constitutionibus,
780 1157 1049 1242 ordinationibus,
1077 1159 1200 1228 statutis
1227 1171 1280 1226 aut
1302 1157 1369 1225 aliis
1397 1159 1518 1248 legibus
1547 1183 1626 1250 quo·

257 1288 381 1355 cunque
404 1267 537 1334 nomine
561 1278 749 1334 censeantur
772 1264 938 1334 antedictis
960 1264 1067 1333 aliisve
1095 1266 1128 1332 in
1152 1289 1188 1333 ea
1211 1276 1299 1354 parte
1322 1264 1413 1332 editis
1436 1265 1626 1355 quibuscun-

256 1396 328 1462 que,
351 1395 422 1440 eam
446 1371 623 1455 mulierem,
646 1395 726 1462 quae
750 1371 799 1440 vel
822 1384 953 1460 propter
975 1382 1250 1460 praecontractum
1273 1394 1346 1438 cum
1369 1371 1431 1438 alio
1453 1395 1509 1461 per
1531 1372 1626 1441 verba

257 1477 296 1546 de
318 1479 474 1567 praesenti
498 1477 627 1561 factum,
650 1477 752 1547 modo
781 1489 1005 1547 consumatum
1032 1489 1085 1546 aut
1112 1476 1355 1546 solemnizatum
1384 1480 1624 1548 matrimonium

257 1607 323 1652 non
353 1583 456 1668 fuerit,
488 1583 795 1674 impedimentumve
822 1583 963 1673 publicae
992 1583 1166 1652 honestatis
1195 1585 1331 1651 iustitiae
1359 1608 1398 1651 ex
1428 1583 1625 1652 clandestino

256 1709 419 1760 contractu
442 1692 658 1780 provenientis
682 1702 735 1759 aut
757 1689 915 1758 affinitatis
937 1692 970 1757 in
994 1713 1185 1780 quocunque
1203 1689 1302 1777 gradu
1319 1691 1441 1758 etiamsi
1466 1692 1569 1779 primo
1586 1715 1624 1759 ex

256 1796 362 1865 illicito
387 1798 472 1864 coitu
497 1798 713 1885 contingentis
736 1796 910 1885 gradumve
934 1797 1217 1885 consanguinitatis
1245 1797 1374 1864 tertium
1398 1807 1451 1865 aut
1478 1810 1624 1887 quartum

258 1905 524 1992 cognationemve
557 1902 751 1992 spiritualem
782 1927 1004 1993 quamcunque
1038 1902 1154 1992 alioqui
1191 1924 1247 1990 per
1279 1925 1437 1984 canones,
1475 1903 1625 1972 ecclesiae

257 2012 362 2092 ritum,
392 2032 518 2078 morem
547 2029 578 2077 et
607 2009 872 2077 consuetudinem
904 2010 1111 2077 matrimonio
1139 2007 1278 2096 copulari
1311 2009 1525 2098 coniungique
1558 2034 1625 2077 non

256 2127 374 2204 posset,
397 2114 481 2183 licite
496 2117 637 2204 accipere
658 2116 779 2204 poteris
796 2115 841 2206 (l)
857 2138 992 2184 uxorem
1007 2138 1043 2182 ac
1066 2127 1098 2183 te
1115 2125 1146 2183 et
1161 2113 1245 2182 illam
1261 2114 1444 2184 huiusmodi
1459 2115 1625 2185 mulierem

257 2244 377 2312 vosque
401 2233 433 2290 et
455 2221 627 2312 quemlibet
641 2233 793 2305 vestrum,
817 2245 889 2291 cum
914 2221 983 2289 data
1007 2220 1215 2289 contrahendi
1231 2219 1375 2290 facultate
1397 2224 1538 2312 accipere
1555 2245 1625 2290 eam

257 2326 333 2397 velis
356 2327 534 2418 ducereque
558 2352 709 2412 uxorem,
737 2352 754 2396 a
783 2326 942 2417 quibusvis
970 2328 1325 2409 excommunicationis,
1354 2328 1572 2416 suspensionis
1596 2340 1627 2397 et

257 2433 413 2503 interdicti
436 2436 601 2503 sententiis
624 2434 663 2503 ad
687 2433 834 2503 effectum
859 2436 1029 2523 praemissa
1052 2430 1270 2522 consequendi
1297 2431 1497 2502 absolventes
1521 2448 1553 2503 et
1574 2435 1627 2503 ab·

258 2539 379 2609 solutos
406 2539 474 2609 fore
505 2540 728 2623 decernentes,
758 2553 793 2609 ut
815 2541 1056 2608 matrimonium
1083 2562 1139 2628 per
1167 2538 1260 2607 verba
1289 2537 1329 2606 de
1360 2541 1517 2628 praesenti
1550 2564 1626 2609 con·

257 2646 395 2730 trahere,
423 2646 632 2715 solemnizare
661 2660 692 2717 et
720 2669 908 2715 consumare
936 2647 1073 2734 possitis.
1120 2645 1257 2713 Causam
1285 2668 1345 2734 qua
1375 2668 1559 2730 movemur,
1587 2647 1626 2717 ad

258 2773 391 2820 omnem
420 2776 513 2842 super
541 2755 741 2843 surreptione
768 2772 821 2820 aut
850 2752 1039 2841 obreptione
1062 2773 1213 2819 causaeve
1241 2749 1321 2817 illius
1344 2750 1502 2820 validitate
1533 2776 1627 2842 quae-

258 2859 396 2927 stionem
424 2857 560 2927 futuram
589 2858 819 2929 removendam
852 2860 1084 2948 supprimentes
1118 2870 1149 2926 et
1177 2880 1248 2925 eam
1277 2856 1482 2925 nihilominus
1512 2861 1627 2929 iustam

259 2977 376 3034 certam
400 2967 562 3053 cognitam
586 2988 774 3055 perpensam
799 2964 972 3034 discussam
1000 2963 1194 3053 exploratam
1219 2976 1251 3032 et
1274 2962 1473 3032 diiudicatam
1497 2988 1555 3054 pro
1576 2966 1627 3034 hic

259 3092 405 3159 expressa
427 3071 589 3154 habentes,
613 3096 650 3139 ex
675 3091 760 3140 certa
783 3073 912 3140 scientia
941 3083 972 3138 et
994 3093 1086 3138 mero
1109 3082 1201 3138 motu
1225 3071 1342 3138 nostris
1370 3069 1473 3160 deque
1500 3084 1628 3140 nostrae

258 3178 422 3264 potestatis
445 3177 641 3266 plenitudine
663 3177 910 3247 misericorditer
932 3179 965 3244 in
988 3177 1134 3244 Domino
1158 3175 1392 3266 dispensamus,
1421 3176 1628 3248 decernentes

258 3281 382 3371 prolem
406 3308 445 3350 ex
467 3283 520 3352 tali
549 3285 755 3352 matrimonio
783 3283 1015 3372 suscipiendam
1045 3284 1219 3371 legitimam
1250 3282 1318 3352 fore
1346 3306 1381 3350 ac
1404 3296 1566 3374 tamquam
1591 3309 1628 3354 ex

259 3388 465 3457 matrimonio
485 3402 590 3458 natam
615 3401 648 3458 et
669 3370 879 3479 procreatam,
902 3391 952 3457 cui
976 3388 1053 3456 nihil
1075 3388 1308 3477 praedictorum
1332 3388 1425 3456 obiici
1449 3402 1552 3479 queat,
1576 3391 1629 3459 ha-

260 3492 324 3562 beri
346 3496 580 3583 imperpetuum
605 3507 635 3563 et
658 3497 794 3584 reputari
818 3493 942 3563 debere.
988 3495 1066 3563 Non
1093 3493 1289 3563 obstantibus
1313 3494 1551 3585 quibuscunque
1574 3496 1630 3564 ob-

259 3600 447 3669 iectionibus
470 3612 523 3669 aut
545 3600 785 3690 allegationibus
808 3601 847 3669 de
871 3603 983 3669 notitia
1006 3610 1261 3690 praecontractus
1284 3599 1434 3668 antedicti
1455 3624 1512 3690 per
1535 3602 1629 3671 verba

237 3704 300 3781 ,de
315 3707 473 3795 praesenti
495 3710 659 3791 contracti,
682 3720 734 3776 aut
751 3719 930 3776 contractus
955 3706 1045 3790 illius,
1069 3705 1153 3775 unde
1169 3705 1290 3795 publica
1313 3707 1463 3775 honestas
1484 3709 1630 3793 oriretur,

260 3813 326 3880 sive
349 3809 437 3901 quod
452 3812 609 3882 eiusmodi
624 3812 809 3882 affinitatem
834 3838 872 3882 ex
888 3836 1024 3902 persona
1046 3826 1099 3881 tua
1115 3824 1272 3880 causatam
1291 3811 1442 3901 allegetur
1456 3813 1630 3903 gradumve

262 3919 542 4007 consanguinitatis
565 3921 692 3988 tertium
717 3931 770 3989 aut
792 3931 937 4009 quartum
967 3920 1181 3988 intercessisse
1204 3917 1286 3986 fama
1309 3931 1362 3987 aut
1383 3942 1514 3988 rumore
1539 3922 1631 3988 inno·

261 4025 357 4093 tuisse
389 4023 556 4107 diceretur,
588 4036 641 4105 aut
672 4023 807 4115 praefata
839 4024 1067 4114 impedimenta
1100 4026 1209 4091 omnia
1242 4047 1395 4092 eorumve
1426 4025 1527 4116 aliqua
1556 4050 1631 4096 vere

262 4130 468 4199 intervenisse
486 4131 604 4219 poterit
619 4129 726 4199 doceri
744 4141 775 4199 et
791 4133 885 4200 etiam
907 4154 1031 4199 revera
1053 4131 1292 4214 intervenerint,
1316 4155 1376 4221 qua
1398 4133 1431 4199 in
1448 4155 1482 4200 re
1498 4156 1630 4201 omnem

263 4237 476 4304 conscientiae
502 4255 575 4304 tuae
606 4235 787 4326 scrupulum
820 4238 989 4305 eximimus
1021 4259 1173 4305 neceam
1204 4236 1371 4326 praedictis
1400 4237 1632 4307 obiectionibus

264 4340 421 4410 subiacere
443 4341 593 4410 volumus
621 4362 652 4410 et
675 4344 856 4432 inquietari,
885 4342 942 4411 sed
970 4362 1004 4411 ut
1034 4355 1099 4411 tam
1128 4344 1161 4410 in
1189 4341 1261 4410 foro
1284 4343 1351 4432 poli
1378 4367 1473 4433 quam
1502 4344 1562 4413 fori
1590 4347 1632 4412 sis

265 4448 398 4514 omnino
422 4470 561 4530 securus,
583 4461 636 4517 aut
652 4446 788 4538 denique
804 4450 913 4539 quavis
935 4450 992 4516 alia
1008 4448 1196 4537 allegatione
1216 4449 1266 4517 vel
1283 4448 1322 4517 de
1338 4473 1405 4517 non
1429 4453 1633 4539 expressione

265 4574 373 4621 causae
396 4577 457 4643 qua
485 4577 665 4637 movemur,
692 4554 905 4644 subreptionis
934 4567 987 4624 aut
1014 4554 1212 4644 obreptionis
1234 4556 1332 4638 vitiis,
1363 4557 1429 4623 sive
1457 4554 1497 4624 de
1525 4570 1634 4625 nostra

266 4660 451 4747 captivitate,
476 4659 515 4727 de
532 4661 754 4749 impetratione
777 4684 833 4750 per
848 4663 1122 4751 importunitatem
1146 4673 1199 4728 aut
1213 4661 1346 4749 gratiam
1370 4658 1450 4729 deve
1472 4683 1523 4744 e0,
1546 4660 1633 4750 quod

266 4781 409 4854 tempore
436 4767 610 4854 praesentis
638 4765 757 4835 decreti
786 4769 853 4837 sive
881 4770 999 4856 gratiae
1028 4766 1101 4835 facti
1128 4778 1160 4835 et
1187 4789 1358 4835 concessae
1386 4790 1403 4833 a
1426 4768 1633 4835 matrimonio

266 4866 340 4937 iiber
363 4882 395 4939 et
416 4869 539 4939 solutus
566 4894 633 4939 non
661 4870 774 4955 fueras,
802 4897 878 4963 quas
901 4895 1017 4941 omnes
1045 4885 1077 4940 et
1102 4871 1241 4959 singulas
1268 4870 1473 4959 allegationes
1500 4895 1559 4961 pro
1583 4872 1634 4939 fri-

267 4973 344 5042 volis
376 4990 407 5045 et
441 4975 652 5045 inefficacibus
686 4977 838 5048 habentes
871 4980 966 5048 veluti
1000 4980 1181 5047 temerarias
1216 4988 1248 5044 et
1282 4975 1380 5044 nullas
1414 4978 1572 5045 reiicimus
1604 4991 1634 5046 et

1477 5101 1503 5143 ³0
