3842 5580
264 304 413 362 Consilium
432 324 511 379 super
530 325 608 362 causa
628 304 749 379 Anglica.
1572 294 1635 357 233

263 469 357 537 etiam
373 467 480 535 forsan
503 470 660 536 sententia
676 467 736 535 lata
758 466 927 548 affirment,
952 465 1070 535 iudices
1094 468 1194 554 magis
1219 468 1249 533 in
1266 467 1397 554 gratiam
1422 469 1517 555 regis,
1541 491 1634 558 quam

264 598 302 643 ex
330 576 486 664 aequitate
513 575 588 641 iuris
618 574 787 657 iudicasse,
816 576 1000 664 praesertim
1029 597 1101 641 cum
1132 574 1321 661 suspicionis
1345 573 1510 662 pleraeque
1534 573 1636 642 adsint

263 704 373 749 causae
402 693 433 748 et
461 679 646 747 verisimiles
675 679 861 748 admodum.
915 680 1044 768 Quippe
1072 678 1160 769 quod
1191 678 1310 746 iudices
1341 679 1504 768 multiplici
1528 679 1635 748 officio

262 785 320 853 sibi
348 786 508 853 obnoxios
538 785 694 869 habuerit,
726 786 812 876 quod
844 788 876 853 in
904 808 1006 874 regno
1038 808 1097 852 suo
1125 809 1159 853 se
1189 787 1282 853 etiam
1314 798 1478 874 praesente
1511 809 1635 853 causam

258 894 415 981 ‚cognosci
431 892 577 972 voluerit,
602 912 695 982 atque
712 895 735 959 si
753 892 827 960 Deo
844 892 955 981 placet,
979 890 1066 981 quod
1090 893 1121 958 in
1139 892 1282 959 Caesaris
1302 891 1464 972 invidiam,
1488 891 1636 960 adversus

261 1021 357 1086 quem
386 1000 447 1065 iam
477 997 684 1066 denunciatur
707 997 839 1081 bellum,
869 999 931 1066 hoc
960 1009 1063 1066 totum
1092 997 1208 1065 factum
1238 999 1287 1065 sit.
1335 997 1423 1080 Quid
1447 997 1535 1087 quod
1559 998 1635 1066 dum

262 1105 339 1172 haec
362 1106 565 1173 mussitamus
590 1118 620 1172 et
644 1104 781 1173 necdum
805 1104 954 1173 iudicium
974 1105 1181 1172 constitutum
1205 1116 1262 1185 est,
1287 1103 1527 1193 quamplurimi
1552 1115 1635 1186 sunt,

262 1213 315 1301 qui
339 1209 573 1294 circumferunt,
603 1212 801 1280 Maiestatem
825 1211 919 1279 Suam
944 1209 1078 1298 legitimi
1100 1210 1186 1278 thori
1215 1222 1390 1298 pertaesum
1414 1232 1502 1277 novo
1525 1233 1636 1276 amore

262 1336 385 1405 captam
409 1340 508 1384 novas
532 1319 655 1405 nuptias
678 1317 834 1400 affectare,
858 1340 924 1384 non
946 1317 1169 1397 conscientiae,
1194 1315 1249 1383 sed
1273 1334 1307 1383 ut
1330 1317 1436 1382 sensui
1460 1314 1635 1399 satisfaciat,

262 1421 348 1510 quod
372 1446 470 1511 usque
494 1422 575 1491 adeo
599 1447 616 1489 a
640 1424 746 1491 multis
769 1422 951 1505 affirmatur,
980 1434 1015 1490 ut
1037 1424 1098 1488 iam
1124 1421 1286 1509 designata
1310 1444 1393 1489 nova
1416 1440 1512 1510 nupta
1536 1424 1636 1511 expri-

262 1541 374 1595 matur.
413 1527 448 1595 ld
464 1553 558 1618 quam
582 1528 708 1597 difficile
733 1554 771 1597 ex
793 1531 961 1596 hominum
986 1529 1145 1597 mentibus
1162 1526 1251 1596 evelli
1275 1530 1385 1615 possit,
1410 1551 1468 1616 pro
1485 1530 1635 1617 sapientia

262 1656 317 1700 sua
347 1633 436 1702 facile
467 1636 675 1703 coniecturari
706 1647 821 1723 potest.
868 1635 1016 1717 Accedit,
1047 1633 1135 1723 quod
1165 1632 1306 1724 plerique
1339 1636 1432 1703 etiam
1465 1649 1553 1718 sunt,
1584 1637 1647 1725 qui·

262 1739 382 1822 dicant,
410 1740 606 1829 designatam
635 1765 769 1809 uxorem
794 1741 910 1809 eodem
939 1740 1098 1809 affinitatis
1129 1740 1227 1828 gradu
1256 1753 1288 1808 et
1319 1740 1550 1829 impedimento
1578 1742 1637 1809 sibi

263 1847 467 1914 coniunctam
483 1871 563 1930 esse,
588 1871 681 1937 quam
707 1850 773 1915 iure
790 1850 896 1915 uxoris
921 1868 952 1916 er
969 1848 1165 1915 matrimonii
1187 1848 1213 1913 si
1233 1846 1289 1914 sibi
1313 1848 1524 1930 coniunxerit,
1547 1849 1636 1915 Deus

263 1950 358 2034 bone,
375 1955 443 2042 quis
459 1976 570 2021 rumor
587 1957 645 2022 erit
661 1956 694 2021 in
710 1955 841 2043 populO,
865 1956 919 2043 qui
935 1955 1104 2021 hominum
1122 1977 1299 2036 sermones,
1318 1977 1397 2043 quae
1414 1955 1636 2041 cogitationes,

263 2058 360 2146 qualis
383 2058 485 2127 futura
509 2059 645 2150 denique
669 2074 717 2128 est
740 2062 912 2129 Maiestatis
931 2061 1012 2129 Suae
1035 2060 1117 2149 apud
1142 2083 1256 2127 omnes
1280 2061 1482 2142 existimatiO,
1506 2084 1580 2127 cum
1606 2059 1636 2128 id

263 2186 328 2230 non
354 2167 583 2248 conscientiae,
613 2190 679 2233 non
704 2166 766 2255 legi
795 2167 934 2249 divinae,
964 2189 1030 2234 non
1055 2166 1208 2235 fraternae
1232 2167 1357 2253 pietati,
1388 2164 1444 2233 sed
1466 2164 1635 2233 titillationi

263 2293 373 2337 sensus
397 2271 506 2339 datum
519 2272 716 2361 intelligent,
740 2273 954 2341 inhumaniter
977 2272 1092 2340 factum
1111 2295 1226 2340 omnes
1249 2271 1440 2354 iudicabunt,
1464 2285 1567 2360 spreta
1588 2285 1638 2339 tot

262 2399 419 2445 annorum
443 2378 527 2445 thori
551 2381 638 2446 socia
661 2378 778 2447 femina
803 2379 973 2446 clarissima
997 2392 1029 2446 et
1052 2379 1324 2459 innocentissima,
1348 2379 1435 2446 alteri
1456 2376 1637 2457 adhaerere,

263 2506 334 2549 cum
359 2507 420 2573 qua
436 2508 495 2551 nec
519 2484 666 2568 humana,
691 2509 751 2553 nec
768 2484 872 2552 divina
888 2487 1071 2573 permittant
1094 2486 1160 2552 iura
1176 2484 1366 2566 cohabitare,
1391 2504 1534 2573 suscepta
1550 2507 1638 2573 prae-

262 2591 370 2656 sertim
401 2602 432 2658 et
455 2593 622 2679 superstite
650 2617 688 2658 ex
712 2596 767 2659 ea¹
790 2603 895 2659 tantae
924 2590 1039 2658 indolis
1070 2603 1102 2659 et
1125 2593 1191 2679 spei
1216 2589 1291 2674 filia,
1321 2604 1449 2659 naturae
1478 2603 1508 2658 et
1540 2592 1636 2658 animi

263 2692 389 2762 dotibus
419 2698 627 2765 ornatissima.
678 2699 761 2765 Nam
794 2697 900 2788 quoad
931 2696 1196 2785 impedimentum
1229 2721 1267 2765 ex
1298 2696 1398 2765 fratris
1430 2698 1636 2765 matrimonio

263 2814 383 2883 natum,
407 2801 480 2871 illud
503 2806 564 2870 iam
588 2803 743 2872 sublatum
763 2824 809 2872 est
832 2805 1005 2893 apostolica
1029 2804 1265 2892 dispensatione
1271 2831 1281 2887 3
1312 2803 1398 2893 quod
1414 2805 1439 2870 si
1465 2802 1637 2871 deterreret

263 2906 461 2976 Maiestatem
485 2910 581 2977 Suam
604 2934 622 2977 a
645 2912 852 2978 matrimonio
877 2910 1060 2979 huiusmodi
1083 2922 1171 2978 actus
1194 2910 1355 2998 legitimus
1379 2923 1410 2978 et
1434 2933 1472 2977 ex
1495 2909 1637 2997 legitima

264 3013 376 3100 copula
400 3015 584 3083 subsecutus
608 3040 679 3084 cum
704 3015 813 3099 fratre,
836 3016 981 3085 videlicet
1004 3019 1156 3084 Arcturo:
1188 3040 1243 3084 cur
1267 3017 1368 3102 magis
1397 3039 1464 3083 non
1488 3017 1638 3083 avertitur

265 3118 302 3185 ab
326 3119 398 3202 hoc,
422 3120 508 3209 quod
533 3145 571 3189 ex
595 3136 664 3190 actu
689 3122 859 3190 fornicario
883 3135 915 3191 et
942 3121 1108 3211 illegitimo
1133 3122 1261 3190 resultat
1284 3142 1315 3190 et
1339 3145 1377 3189 ex
1400 3121 1484 3190 facto
1508 3123 1637 3209 proprio

265 3226 361 3313 ipsius
383 3228 466 3314 regis
491 3241 618 3295 enatum
641 3231 706 3296 est?
752 3230 821 3297 Nec
846 3228 940 3297 refert
964 3230 995 3294 in
1019 3230 1091 3311 hoc,
1116 3227 1201 3318 quod
1219 3229 1289 3317 quis
1313 3228 1404 3311 dicat,
1429 3227 1638 3316 impedimen-

265 3350 343 3413 tum,
368 3332 453 3421 quod
478 3346 525 3401 est
553 3358 626 3401 cum
656 3336 781 3422 regina,
811 3358 880 3402 esse
909 3358 947 3402 ex
971 3335 1115 3422 legitimo
1145 3345 1215 3401 actu
1246 3352 1277 3401 et
1306 3335 1522 3415 matrimoni0‚
1551 3332 1640 3422 quod

265 3461 342 3505 vero
371 3452 418 3506 est
445 3463 518 3507 cum
547 3439 724 3527 designata,
753 3464 822 3508 esse
852 3453 975 3508 tantum
1005 3464 1043 3507 ex
1071 3460 1141 3508 actu
1170 3439 1350 3507 fornicario,
1396 3439 1465 3506 luta
1495 3440 1638 3506 enimet

265 3545 343 3610 sacri
359 3568 499 3612 canones
515 3547 546 3613 in
565 3547 626 3613 hoc
642 3546 759 3613 nullam
775 3546 893 3614 faciunt
905 3546 1113 3615 differentiam
1127 3545 1232 3636 quoad
1248 3544 1513 3633 impedimentum
1531 3544 1637 3611 huius-

266 3649 364 3717 modi.
409 3652 521 3740 Aeque
546 3654 630 3719 enim
660 3652 791 3740 impedit
815 3653 1053 3720 matrimonium
1084 3653 1146 3719 hoc
1169 3670 1262 3741 atque
1290 3650 1374 3718 illud.
1421 3648 1522 3733 Quod
1549 3651 1575 3716 si
1599 3673 1638 3717 ex

266 3767 352 3841 parte
376 3758 459 3844 regis
488 3758 526 3826 ad
550 3759 612 3826 hoc
635 3760 765 3841 dicatur,
793 3759 881 3849 quod
909 3758 946 3825 ab
970 3757 1152 3826 huiusmodi
1182 3757 1411 3846 impedimento
1436 3776 1483 3825 est
1513 3756 1638 3844 dispen-

266 3879 365 3943 satus,
396 3865 437 3929 ita
460 3863 547 3952 quod
578 3888 644 3931 non
673 3864 835 3947 obstante,
864 3864 950 3954 quod
979 3865 1168 3952 cognoverit
1197 3886 1291 3930 unam
1323 3865 1504 3945 mulierem,
1533 3877 1638 3950 potest

266 3985 372 4036 tamen
401 3968 484 4036 licite
508 3971 694 4038 contrahere
722 3995 793 4038 cum
825 3973 891 4038 eius
919 3993 1046 4037 sorore:
1075 3969 1319 4058 responderem,
1349 3971 1380 4036 in
1410 3970 1472 4036 hoc
1501 3971 1638 4036 maxime

267 4073 439 4142 Maiestatis
463 4075 544 4144 Suae
571 4076 770 4165 prudentiam
796 4079 910 4145 versari
940 4076 1070 4160 debere,
1102 4096 1135 4143 ut
1159 4075 1240 4143 bene
1268 4074 1456 4164 perpendat,
1485 4089 1638 4164 quantum

268 4180 466 4248 tenebrarum
491 4182 567 4250 haec
591 4183 717 4251 allatura
742 4185 805 4251 sint
828 4184 956 4251 claritati
980 4184 1121 4249 nominis
1145 4184 1208 4264 sui,
1237 4194 1305 4250 tum
1330 4181 1416 4271 quod
1440 4183 1472 4248 in
1496 4180 1637 4249 fraudem

267 4287 509 4375 quodammodo
533 4291 705 4377 praesentis
729 4290 923 4356 matrimonii
938 4287 1055 4356 dictam
1078 4288 1346 4376 dispensationem
1370 4289 1584 4375 impetraverit
1607 4303 1639 4356 et

268 4407 436 4482 antequam
460 4395 499 4462 de
515 4394 672 4462 validitate
696 4397 762 4463 eius
786 4396 952 4482 cognitum
976 4396 1026 4475 sit,
1050 4407 1117 4462 tum
1136 4394 1222 4483 quod
1246 4393 1329 4460 nulla
1353 4396 1447 4461 etiam
1471 4392 1639 4481 probabilis

267 4501 347 4566 ratio
364 4502 480 4582 subest,
504 4524 559 4567 cur
575 4500 689 4568 eodem
715 4501 945 4588 impedimento
962 4502 1115 4567 existente
1131 4499 1205 4567 velit
1229 4499 1309 4566 hanc
1326 4499 1494 4582 dimittere,
1518 4512 1551 4567 ut
1567 4524 1638 4567 eam

269 4606 376 4688 ducat;
408 4606 494 4695 quod
519 4609 543 4673 si
568 4607 607 4674 de
624 4630 707 4674 nova
731 4605 966 4695 dispensatione
989 4605 1193 4674 laborandum
1212 4620 1288 4687 erat,
1312 4604 1470 4693 agendum
1496 4606 1640 4674 hocerat

270 4715 370 4800 magis
393 4736 452 4800 pro
474 4711 693 4781 conservando
716 4725 766 4780 tot
788 4735 945 4780 annorum
972 4726 1002 4780 et
1026 4711 1239 4779 nobilissimae
1263 4710 1399 4779 feminae
1423 4714 1639 4795 matrimonio,

378 4942 467 4996 ¹Vou
487 4943 533 4996 der
552 4953 639 4996 ersten
659 4942 749 4996 Gattin
769 4942 920 4998 Katharina.
