3842 5592
313 298 354 361 82
1534 309 1588 368 Mai
1609 330 1685 389 1529.

312 472 371 541 che
395 495 461 539 non
485 472 512 538 si
535 468 619 537 fusse
641 470 781 559 risposto
805 468 863 537 alle
890 468 961 536 loro
984 466 1095 535 lettere
1119 467 1271 537 dimano
1295 468 1327 538 di
1349 471 1391 538 N.
1416 470 1552 560 Siguore
1579 497 1635 562 per
1657 475 1685 543 la

310 579 555 668 indispositione
579 576 610 643 di
633 577 696 645 Sua
718 575 927 658 Beatitudine,
951 587 983 643 et
1004 587 1214 643 mostrorono
1237 595 1377 644 restarne
1401 577 1462 645 beu
1487 579 1639 648 satisfatti.

416 686 466 754 De
489 684 517 751 13
545 695 666 771 passata
693 682 725 750 di
749 683 866 751 Cesare
897 684 928 749 in
953 681 1038 749 Italia
1068 683 1121 771 qui
1149 683 1175 748 si
1203 683 1311 766 stima,
1340 683 1451 751 ch’ella
1478 707 1546 752 non
1574 685 1685 755 debbia

310 790 518 883 aliquomodo
544 791 679 877 seguire.

418 898 497 965 »Per
520 896 549 963 le
572 894 683 964 lettere
711 895 742 963 di
766 894 891 983 Spagna
918 894 1079 975 scrivon0,
1108 893 1166 961 che
1196 917 1253 981 pur
1277 896 1303 961 si
1326 895 1425 964 vedea
1453 896 1585 985 qualche
1614 921 1684 986 pre-

309 1015 494 1095 paramento
523 1001 555 1070 di
577 1001 761 1089 vettuaglie,
790 1025 842 1069 ma
866 999 897 1067 di
920 1023 1001 1068 nave
1025 1011 1056 1067 et
1079 997 1188 1068 d'altre
1215 1022 1290 1069 cose
1315 1024 1397 1083 non,
1426 1014 1458 1069 et
1481 1003 1540 1071 che
1563 1003 1595 1071 lo
1619 1004 1681 1072 lm-

308 1124 453 1202 peratore
476 1134 494 1177 a
517 1108 621 1199 quelli,
645 1107 704 1176 che
728 1107 855 1175 lisono
879 1106 1013 1195 sospetti
1036 1107 1068 1172 in
1087 1105 1222 1194 Spagna,
1247 1105 1316 1176 dice
1339 1108 1597 1193 resolutamente,
1622 1111 1682 1178 che

308 1220 362 1289 vol
384 1239 508 1307 passare
533 1228 564 1283 et
580 1215 638 1283 che
659 1212 687 1281 'si
711 1215 847 1282 mettino
870 1213 910 1281 ad
926 1212 1050 1295 ordine,
1074 1210 1124 1279 alli
1142 1211 1210 1280 altri
1234 1226 1333 1282 mette
1356 1214 1383 1281 13
1398 1238 1473 1282 cosa
1495 1217 1528 1282 in
1552 1215 1680 1285 dubbio.

309 1324 428 1407 Cred0,
452 1325 532 1391 costl
556 1320 728 1390 intendiate
753 1319 873 1407 meglio
897 1319 918 1386 il
939 1342 1049 1388 vero«

414 1429 530 1498 Avanti
546 1428 604 1495 che
628 1439 738 1516 questa
752 1428 784 1495 vi
799 1427 927 1515 giunga‚
951 1448 1086 1492 saranno
1103 1447 1162 1514 pur
1178 1426 1291 1515 cinque
1307 1428 1397 1509 mesi,
1422 1427 1507 1495 ch’io
1523 1429 1567 1495 mi
1585 1448 1681 1497 trovo

308 1562 371 1608 con
400 1554 510 1626 questa
543 1534 727 1623 gravissima
757 1555 864 1622 spesa,
898 1555 991 1600 senza
1021 1531 1050 1598 la
1079 1532 1308 1619 provisione
1338 1531 1438 1600 della
1468 1533 1680 1622 legatione,

306 1668 400 1713 senza
428 1641 530 1733 quella
553 1640 592 1709 de
614 1639 644 1707 13
666 1658 834 1727 segnatura
861 1661 917 1728 per
939 1638 1045 1706 tutto'l
1067 1650 1189 1726 tempo,
1217 1637 1276 1705 che
1306 1661 1366 1705 son
1396 1636 1495 1722 fuori,
1525 1659 1556 1708 et
1586 1665 1680 1709 senza

306 1753 335 1818 le
359 1748 571 1818 distributioni
595 1746 645 1815 del
661 1745 792 1836 capello,
817 1764 848 1812 et
871 1767 934 1812 con
958 1745 1105 1832 maggior
1128 1743 1310 1832 dispiacere,
1334 1744 1393 1811 che
1415 1767 1482 1811 uon
1499 1769 1536 1813 so
1559 1760 1679 1836 quanto

305 1872 416 1945 tempo
444 1878 540 1944 possa
568 1852 695 1920 durare:
723 1850 866 1939 supplico
889 1874 907 1917 3
931 1851 971 1917 V.
995 1851 1038 1932 S,
1068 1850 1127 1918 che
1155 1873 1222 1917 non
1252 1852 1296 1917 uri
1324 1850 1461 1918 essendo
1490 1867 1573 1920 stato
1602 1852 1679 1921 fatto

306 1963 505 2051 provisione,
529 1959 660 2047 voglia
683 1979 906 2046 procurare,
936 1955 1065 2023 ch'ella
1086 1957 1117 2022 si
1145 1955 1265 2023 faccia
1294 1970 1326 2024 et
1349 1956 1407 2025 che
1431 1958 1463 2024 io
1487 1981 1555 2025 non
1578 1960 1623 2026 sia
1645 1961 1676 2026 in

305 2081 389 2137 tutto
407 2068 558 2136 destituto
583 2077 614 2133 et
637 2066 682 2132 mi
704 2065 788 2132 trovi
812 2064 865 2153 qui
888 2085 982 2129 senza
997 2062 1108 2131 lettere
1124 2074 1156 2130 et
1179 2060 1296 2129 danari.
1342 2062 1386 2129 So
1410 2063 1468 2130 che
1484 2064 1525 2131 N.
1542 2064 1679 2152 Signore

306 2176 346 2243 ha
361 2174 503 2262 benigno
526 2173 635 2240 animo
651 2193 745 2239 verso
769 2167 801 2236 di
824 2192 887 2250 me,
912 2180 943 2236 et
966 2191 1022 2256 per
1037 2168 1105 2236 altri
1126 2171 1213 2236 conti
1236 2192 1303 2237 rem
1321 2192 1391 2237 esse
1414 2188 1596 2258 angustam3
1621 2194 1679 2260 pur

306 2282 477 2350 necessitas
505 2276 689 2346 nonhabet
716 2277 832 2364 legem.
878 2274 911 2342 Sl
934 2275 993 2342 che
1022 2274 1052 2341 di
1076 2297 1186 2342 nuovo
1214 2297 1315 2362 prego
1339 2273 1366 2341 13
1390 2275 1430 2341 V.
1455 2274 1499 2358 S,
1527 2276 1586 2343 che
1611 2300 1677 2344 non

305 2389 351 2455 mi
374 2387 512 2455 manchi.

410 2509 560 2591 Londini,
588 2528 636 2575 12.
661 2507 735 2574 maii
764 2526 856 2592 1529.

908 2629 949 2697 D.
974 2629 1014 2695 V.
1043 2628 1074 2696 S.

791 2754 847 2821 Uti
870 2751 951 2820 filius
976 2752 1190 2821 deditissimus

1209 2858 1244 2926 L.
1268 2858 1341 2926 Car.
1367 2859 1570 2949 Campegius.

515 3038 600 3092 Nune.
620 3037 645 3091 di
664 3037 756 3091 Germ.
774 3052 803 3106 53
825 3036 842 3090 1.
865 3049 914 3105 174
932 3053 957 3091 u.
979 3051 1037 3106 175.
1074 3035 1232 3106 Auflosung
1250 3034 1297 3089 der
1315 3034 1524 3090 Geheimschrilt
1544 3036 1561 3091 1
1583 3036 1633 3107 176
1652 3055 1677 3093 u.

290 3136 294 3145 ·
412 3142 469 3197 177.
500 3124 676 3197 Eingelaufen
694 3142 738 3178 am
757 3140 798 3196 29.
818 3124 879 3177 Mai.
911 3123 1045 3178 Gedruclrt
1063 3124 1105 3178 bei
1119 3123 1245 3191 Theiner,
1264 3141 1289 3194 p.
1306 3122 1362 3193 576,
1382 3123 1453 3178 ohne
1472 3124 1678 3180 denAbschnitt

409 3234 454 3270 am
466 3215 586 3287 Beginne
605 3213 659 3268 und
671 3223 747 3268 sonst
759 3215 808 3267 mit
821 3212 1030 3266 verschiedenen
1040 3212 1207 3268 Verstofsen.
1238 3212 1274 3266 Zu
1289 3211 1335 3266 der
1348 3211 1522 3284 Abberufung
1534 3213 1677 3268 Gardiners

410 3304 468 3373 (Dr.
482 3304 630 3375 Stephano)
650 3320 671 3358 s.
692 3311 772 3356 unten
791 3301 837 3355 das
853 3301 997 3354 Schreiben
1010 3301 1150 3355 Heinrichs
1169 3318 1203 3355 au
1221 3301 1273 3354 den
1287 3300 1368 3371 Papst
1387 3318 1450 3355 vom
1469 3317 1511 3357 20.
1524 3301 1578 3354 Mai
1594 3317 1676 3371 1529;

410 3393 452 3447 die
471 3392 598 3463 Sendung
616 3390 761 3446 Ghinuccis
787 3389 856 3443 nach
879 3389 949 3443 Rom
975 3388 1089 3461 erfolgte
1115 3398 1168 3443 erst
1193 3389 1283 3459 einige
1301 3387 1410 3443 Monate
1439 3395 1535 3460 spiret.
1571 3390 1677 3444 Dessen

409 3479 584 3551 Abberusung
603 3479 686 3533 durch
704 3478 831 3532 Heinrich
843 3477 915 3532 VIII.
940 3495 986 3532 aus
1005 3478 1121 3549 SpanIen
1145 3477 1198 3531 und
1216 3477 1416 3548 Designierung
1441 3496 1501 3531 zum
1521 3477 1677 3549 englischen

410 3569 565 3625 Gesandten
584 3571 610 3621 in
629 3570 700 3622 Rom
723 3568 806 3638 heingi
825 3565 962 3637 jedenlalls
988 3567 1036 3620 mit
1055 3566 1116 3620 dem
1136 3567 1235 3637 obigen
1254 3565 1399 3619 Schreren
1418 3565 1464 3619 des
1483 3567 1594 3637 Papstes
1612 3583 1677 3620 vom

410 3674 452 3727 27.
471 3658 622 3711 Dezember
643 3657 709 3725 1528
728 3673 762 3709 an
780 3655 912 3710 Ghinucci
931 3672 1085 3709 zusammen
1105 3656 1162 3723 (Nr.
1186 3660 1236 3724 37).

957 3921 1019 4005 42.

368 4081 608 4170 Campeggio
632 4103 672 4148 an
695 4080 769 4164 Jac.
794 4079 961 4147 Salviati.
1007 4079 1157 4162 London,
1185 4081 1234 4146 18.
1259 4078 1324 4147 und
1348 4099 1400 4147 20.
1425 4079 1488 4146 Mai
1517 4099 1610 4165 1529.

408 4242 495 4313 Eilr'ge
518 4240 648 4296 Reickkebr
671 4241 713 4293 der
727 4238 921 4310 frarrrosIschen
942 4237 1086 4292 Gesandten
1111 4238 1228 4310 (Bischos
1246 4258 1298 4294 333
1320 4238 1459 4310 Bayonne).
1500 4237 1676 4291 Verschiedene

304 4331 435 4385 Schree'hen
455 4348 501 4384 aus
520 4330 591 4384 Rom.
624 4326 1164 4399 13133ίί33331313333333303331333
1183 4344 1229 4396 rur
1244 4326 1416 4398 persrinlichen
1431 4325 1675 4396 Berichterstattung

303 4421 330 4471 in
345 4420 415 4474 Rom.
454 4417 663 4488 Rechtfertigung
678 4415 847 4487 Campeggios
862 4433 943 4486 gegen
962 4414 1004 4467 die
1020 4413 1216 4485 Unterstellung,
1235 4415 1273 4467 als
1291 4414 1353 4468 habe
1371 4432 1399 4467 er
1417 4416 1444 4466 in
1459 4412 1581 4485 England
1600 4412 1675 4483 Hoff-

302 4526 373 4579 nuerg
389 4507 514 4579 gemacht,
532 4506 590 4574 dass
608 4505 654 4558 das
673 4504 857 4576 Dispensbreoe
873 4502 964 4570 Julius*
985 4502 1018 4555 11.
1030 4503 1082 4572 frte·
1100 4503 1188 4556 333311
1206 4502 1303 4556 31113131
1320 4503 1413 4556 werde.
1450 4502 1535 4572 Klage
1552 4502 1674 4555 desselben

301 4580 362 4649 31133
380 4596 423 4649 die
440 4591 868 4664 33333113331131313113133131311,
886 4591 932 4643 der
951 4609 978 4642 er
997 4593 1024 4642 in
1039 4590 1161 4661 England
1179 4598 1316 4661 ausgesetzt
1333 4593 1376 4644 sei.
1413 4590 1603 4661 Bemrthrmgen,
1616 4590 1675 4661 jede

303 4679 850 4753 513313133313311313333133333131133
868 4679 922 4732 und
935 4679 981 4732 der
994 4679 1159 4749 Abberufreng
1178 4678 1319 4733 3333111333
1337 4680 1521 4750 vorrubeugen.
1554 4678 1675 4749 Sendung

301 4773 344 4825 des
358 4770 513 4843 papstlichen
528 4769 640 4823 Nuntius
653 4767 716 4821 nach
730 4766 849 4838 Spanien.
880 4767 1213 4838 friedensverhandlungen
1231 4767 1351 4837 zwisalten
1364 4767 1433 4821 Karl
1446 4767 1473 4820 V.
1489 4768 1543 4821 und
1554 4765 1640 4835 Franz
1652 4764 1673 4818 1.

303 4859 468 4929 (Margareta
488 4857 540 4910 uad
558 4856 672 4925 Louise),
691 4855 806 4927 Stellung
826 4855 960 4910 Heinricbs
976 4855 1046 4910 VIII.
1066 4856 1140 4925 31333.
1175 4856 1294 4910 Derselbe
1311 4856 1368 4910 sehr
1381 4874 1464 4928 gegen
1482 4856 1524 4908 die
1543 4855 1614 4909 Reise
1631 4853 1674 4906 des

302 4946 402 5018 Papstes
425 4946 488 4999 nach
512 4944 632 5016 Spaniam,
655 4944 776 5016 empdeblt
798 4944 914 5016 dagegen
938 4944 1069 5015 AvIgaon.
1108 4944 1236 4999 thcklrrhr
1259 4946 1302 4998 des
1324 4944 1466 5015 englischen
1490 4943 1604 4997 Eilboten
1627 4960 1674 4996 aus

1901 318 1908 417 1
