3842 5580
303 366 367 425 220
1379 382 1383 389 ’
1443 382 1546 453 Anglici
1566 384 1675 437 articuli.

304 549 334 603 et
365 549 472 604 tamen
503 539 564 606 iam
594 537 686 628 aliqui
719 564 757 607 ex
787 539 878 609 dictis
910 540 1036 629 regibus
1066 542 1243 610 senioribus
1267 555 1355 611 erant
1383 544 1501 610 mortui
1528 555 1675 630 tempore

303 645 456 711 contracti
480 646 684 713 matrimonii.

408 749 522 818 Tertio
546 771 654 839 posset
670 752 814 836 dubitari,
837 778 876 821 au
900 756 939 822 sit
963 756 1138 844 surreptitia
1162 781 1199 822 ex
1224 755 1347 823 defectu
1372 757 1558 823 intentionis
1574 757 1675 844 Papae

304 880 340 923 cx
365 879 416 937 e0,
440 855 526 946 quod
550 857 663 925 dicitur
686 860 718 926 in
742 883 789 942 ea,
813 860 901 950 quod
924 862 1081 929 Henricus
1105 874 1234 930 octavus
1263 876 1293 929 et
1316 862 1487 929 Catherina
1510 860 1676 949 cupiebant

304 963 576 1032 matrimonialiter
605 966 772 1053 coniungi,
801 978 833 1034 et
856 967 901 1034 sic
924 967 1007 1056 Papa
1035 967 1242 1056 intelligebat,
1271 967 1358 1058 quod
1387 979 1493 1035 essent
1519 966 1675 1055 perfectae

302 1069 411 1135 aetatis
438 1067 477 1136 ad
501 1070 754 1139 contrahendum
779 1074 1036 1157 matrimonium,
1066 1087 1097 1142 et
1120 1074 1159 1141 ad
1187 1097 1298 1142 eorum
1329 1074 1591 1162 supplicationem
1615 1072 1675 1140 dis-

302 1187 422 1262 pensat.
470 1175 507 1242 Er
531 1188 638 1244 tamen
668 1202 705 1245 ex
730 1178 881 1248 mandato
912 1179 995 1268 apud
1018 1192 1085 1248 acta
1110 1180 1267 1269 producto
1297 1203 1353 1269 per
1376 1182 1516 1268 reginam
1541 1191 1675 1260 constat,

303 1279 390 1368 quod
406 1282 562 1351 Henricus
586 1285 637 1350 vix
661 1298 726 1352 erat
750 1287 858 1354 aetatis
881 1285 1052 1354 duodecim
1076 1310 1233 1354 annorum
1259 1299 1290 1354 et
1313 1299 1388 1354 tunc
1412 1309 1479 1353 nou
1499 1298 1614 1374 potens
1636 1284 1675 1351 ad

303 1387 555 1455 contrahendum
580 1392 830 1473 matrimonium,
855 1405 886 1459 et
908 1392 994 1481 quod
1020 1394 1075 1480 ipsi
1100 1416 1167 1459 non
1191 1393 1459 1481 supplicaverunt,
1484 1390 1539 1457 sed
1562 1413 1673 1457 eorum

303 1506 458 1580 parentes.
504 1494 667 1563 Praeterea
692 1520 729 1563 ex
758 1498 805 1565 his
829 1510 969 1580 constat,
1000 1497 1086 1588 quod
1117 1498 1311 1588 dispensatio
1342 1501 1427 1566 stetit
1456 1499 1488 1564 in
1520 1520 1674 1584 suspenso

304 1621 403 1687 usque
426 1599 465 1666 ad
480 1613 606 1689 tempus
630 1600 789 1690 legitimae
812 1605 920 1672 aetatis
935 1605 1076 1687 Henrici,
1103 1628 1143 1673 an
1159 1605 1287 1686 valeret,
1311 1617 1343 1672 et
1366 1628 1464 1693 usque
1488 1626 1553 1692 quo
1570 1603 1673 1669 matri·

304 1706 451 1773 monium
474 1706 532 1775 fuit
555 1721 765 1792 contractum,
788 1710 875 1800 quod
899 1709 955 1778 fuit
979 1711 1035 1778 XI.
1059 1713 1136 1778 iunii
1157 1732 1250 1797 1509,
1274 1730 1308 1779 ut
1332 1723 1455 1777 constat
1480 1734 1516 1776 ex
1541 1706 1676 1776 articulis

303 1835 360 1899 per
382 1814 524 1900 reginam
549 1813 638 1897 datis,
663 1828 694 1883 et
716 1829 823 1884 tamen
847 1816 985 1885 alienum
1009 1819 1109 1885 aiure
1130 1817 1263 1899 videtur,
1287 1816 1374 1905 quod
1398 1816 1591 1905 dispensatio
1614 1826 1677 1881 stet

304 1919 335 1985 in
360 1942 516 2007 suspenso
540 1934 572 1989 et
595 1944 661 1988 non
686 1936 794 2011 posset
818 1925 922 1992 statim
947 1927 1080 2013 operari.

410 2025 535 2106 Quarto
558 2041 668 2115 posset
691 2027 833 2112 dubitari,
857 2053 897 2096 an
916 2032 955 2098 sit
978 2032 1165 2118 surreptitia,
1189 2033 1262 2119 quia
1285 2032 1379 2098 etiam
1403 2027 1532 2117 probata
1549 2027 1676 2113 virgini-

304 2144 367 2198 tate
395 2130 520 2200 suberat
549 2133 814 2222 impedimentum
847 2135 986 2225 publicae
1018 2137 1206 2219 honestatis,
1240 2135 1279 2203 de
1310 2160 1374 2225 quo
1406 2134 1489 2201 nulla
1520 2132 1600 2200 facta
1629 2145 1676 2199 est

304 2240 428 2305 mentio
451 2263 511 2307 nec
535 2264 628 2329 super
652 2265 692 2308 eo
716 2239 930 2330 dispensatum
956 2256 1013 2310 est.

409 2344 532 2413 Ultimo
556 2345 680 2415 videtur
702 2371 796 2436 posse
820 2348 896 2433 dici,
925 2349 1011 2439 quod
1040 2350 1186 2417 articulus
1215 2350 1336 2437 positus
1364 2346 1403 2414 ad
1426 2345 1675 2414 verificationem

305 2472 468 2518 causarum
493 2476 710 2541 expressarum
734 2456 766 2522 in
790 2454 1037 2544 dispensatione,
1061 2458 1113 2545 qui
1138 2456 1222 2537 dicit,
1246 2454 1333 2545 quod
1356 2466 1429 2521 ante
1452 2471 1670 2535 annum15o1

305 2570 393 2624 erant
415 2556 495 2626 bella
519 2572 549 2627 et
565 2559 739 2628 seditiones
762 2562 844 2629 inter
861 2563 1031 2651 Hispaniae
1055 2575 1086 2630 et
1102 2562 1247 2649 Angliae,
1272 2578 1303 2629 et
1322 2561 1498 2628 successive
1522 2560 1677 2625 intereos

306 2676 336 2731 et
358 2663 506 2733 Franciae
534 2689 640 2753 reges,
669 2691 736 2734 non
760 2668 943 2751 concludat,
973 2689 1004 2736 et
1028 2682 1108 2751 esto,
1133 2666 1219 2758 quod
1247 2679 1342 2735 testes
1366 2667 1531 2734 articulum
1555 2687 1677 2745 verum,

304 2770 391 2858 quod
415 2794 497 2855 non,
522 2773 671 2859 probant,
699 2777 771 2863 quia
799 2773 872 2843 illud
899 2789 1010 2843 »ante«
1037 2788 1143 2863 potest
1166 2774 1296 2862 intelligi
1321 2773 1360 2841 de
1384 2773 1573 2860 longissimo
1597 2784 1676 2838 tem-

304 2899 383 2964 pore
406 2879 491 2965 prius
515 2891 546 2946 et
575 2878 614 2946 de
642 2879 788 2964 modic03
823 2901 854 2949 et
882 2883 907 2949 si
937 2881 976 2949 de
1007 2883 1197 2970 longissimo
1226 2894 1372 2968 tempore
1400 2879 1542 2947 dicerent
1569 2889 1677 2958 testes,

305 3006 372 3050 non
396 2981 564 3067 sufficeret,
589 3010 661 3054 cunt
686 2987 836 3055 deberent
861 3012 895 3055 se
918 3008 1037 3055 arctare
1060 2988 1098 3056 ad
1122 3001 1249 3075 tempus
1271 2988 1498 3076 propinquum,
1526 3004 1557 3052 et
1580 2995 1676 3052 testes

304 3100 465 3179 tamquam
489 3093 599 3160 incerti
624 3106 655 3160 et
678 3093 762 3162 dubii
787 3095 1035 3183 intelligerentur
1059 3109 1176 3179 contra
1194 3092 1435 3183 producentem.

515 3251 589 3305 Arm.
611 3253 655 3307 XI.
675 3270 845 3324 caps.11,n.
865 3270 903 3323 31·
941 3254 1133 3325 Gleichzeitige
1152 3255 1247 3324 Kopie,
1271 3269 1281 3322 3
1304 3252 1402 3306 Blatter
1421 3254 1445 3304 iu
1466 3251 1550 3317 Folio,
1569 3249 1616 3304 auf
1631 3249 1678 3301 der

410 3340 552 3394 Ruckseite
571 3341 644 3395 eines
663 3343 763 3396 vierten
784 3342 873 3397 leeren
893 3343 991 3396 Blattes
1011 3343 1057 3395 der
1076 3342 1319 3395 Kaualeivermerk:
1340 3340 1449 3394 Articuli
1462 3338 1577 3409 Anglici.
1608 3337 1676 3390 Das·

411 3428 483 3482 selbe
502 3429 582 3483 Stuclr
601 3431 626 3484 in
646 3430 720 3484 Arm.
740 3431 785 3485 XI.
805 3431 851 3486 XI.
873 3432 904 3500 38
924 3431 1018 3499 (Hem.
1038 3447 1094 3502 reg.
1114 3430 1229 3501 dispens.
1249 3430 1384 3498 matrim),
1405 3428 1421 3481 I.
1441 3430 1546 3495 48-50
1564 3428 1611 3480 mit
1631 3426 1677 3479 der

410 3517 509 3588 obigen
529 3520 697 3572 erweiterten
716 3518 870 3573 Aufschrift.
910 3520 966 3573 Der
985 3518 1069 3589 Prage
1087 3518 1152 3572 iiber
1171 3517 1222 3571 den
1237 3517 1353 3588 Vollzug
1371 3517 1417 3570 der
1436 3516 1493 3569 Ehe
1512 3516 1559 3568 mit
1579 3514 1678 3567 Arthur

410 3604 502 3659 wurde
528 3605 578 3660 fast
598 3624 650 3660 von
670 3606 778 3678 hnfang
802 3625 834 3660 an
859 3608 941 3661 durch
965 3607 1091 3661 Heinrich
1106 3606 1177 3660 VIII.
1203 3605 1255 3660 und
1280 3607 1354 3659 seine
1372 3605 1509 3658 Vertreter
1532 3605 1591 3656 eine
1616 3602 1677 3656 sehr

410 3693 593 3748 iibertriebene
608 3695 764 3766 Bedeutung
783 3694 918 3766 beigelegt
937 3695 990 3748 und
1009 3696 1056 3749 mit
1075 3696 1161 3749 dieser
1176 3694 1260 3764 Frage
1279 3694 1321 3747 die
1334 3693 1431 3747 andere
1450 3693 1518 3745 nach
1538 3692 1584 3745 der
1595 3691 1676 3745 Echt·

409 3782 464 3834 heit
488 3781 534 3835 des
559 3782 765 3854 vielgenannten
785 3784 883 3838 Breves
904 3801 968 3837 vom
991 3783 1032 3837 26.
1053 3784 1287 3852 Dezember15o3
1309 3783 1335 3835 in
1354 3782 1423 3835 nahe
1436 3779 1610 3849 Verbindung
1628 3796 1675 3849 ge·

383 3916 386 3923 .
410 3869 509 3924 bracht.
539 3870 630 3943 Vergl.
650 3871 692 3925 die
711 3871 871 3943 EInleituug.
905 3873 933 3925 In
946 3871 1069 3942 Eugland
1082 3888 1138 3925 war
1157 3872 1253 3925 bereits
1272 3888 1326 3925 von
1339 3870 1391 3924 den
1409 3869 1505 3922 beideu
1518 3867 1677 3922 Kardimilen

410 3958 436 4010 in
462 3957 508 4011 der
533 3959 618 4013 Sache
642 3959 851 4030 Untersuchung
875 3959 1021 4032 gepflogen
1050 3960 1102 4013 und
1127 3977 1170 4013 am
1196 3975 1234 4028 19.
1261 3958 1308 4012 Iuli
1333 3973 1400 4029 ¹5²9
1424 3958 1467 4011 ein
1495 3956 1677 4027 eingehendes

410 4047 616 4116 Zeugenverhor
640 4048 782 4120 angestellt
801 4049 920 4103 worden.
958 4049 1070 4102 Herbert
1094 4048 1110 4102 l.
1131 4066 1152 4101 c.
1175 4063 1221 4117 113
1244 4065 1282 4119 sq.
1320 4047 1397 4100 Danu
1418 4044 1613 4098 verschwindet
1635 4043 1677 4098 die

410 4133 495 4205 Frage
515 4134 555 4188 tur
574 4136 662 4207 einige
681 4138 735 4191 Zeii
755 4154 801 4192 aus
820 4136 867 4190 der
885 4136 1055 4203 DislrussIon,
1081 4137 1120 4189 bis
1140 4136 1265 4190 Heinrich
1279 4135 1349 4190 VIII.
1369 4152 1411 4187 am
1434 4149 1473 4188 10.
1492 4133 1544 4204 Juli
1564 4149 1627 4202 153¹
1651 4134 1678 4187 in

411 4224 498 4276 einein
517 4223 661 4278 Schreiben
681 4243 714 4278 an
733 4226 836 4280 Bennet
854 4226 880 4279 in
900 4227 970 4279 Rom
989 4225 1107 4279 dieselbe
1125 4223 1225 4278 wieder
1245 4226 1271 4278 iu
1291 4224 1364 4277 einer
1378 4222 1470 4275 Weise
1489 4231 1612 4292 anregte,
1635 4222 1677 4275 die

410 4312 474 4365 eher
499 4311 563 4366 alles
589 4313 686 4366 audere
714 4313 752 4366 als
779 4314 862 4367 Piera
889 4330 979 4385 gegeu
1007 4315 1099 4367 seineu
1125 4312 1317 4366 verstorbenen
1347 4310 1444 4364 Bruder
1472 4315 1566 4363 verrit.
1603 4310 1677 4364 State

410 4400 508 4471 Papers
523 4400 581 4455 VII.
600 4402 682 4473 308l9.
720 4402 771 4455 Die
790 4401 944 4456 Gesandten
963 4402 990 4455 in
1006 4401 1075 4455 Rom
1094 4402 1221 4454 scheinen
1240 4400 1364 4453 indessen
1383 4399 1485 4453 diesem
1500 4398 1602 4452 Punlcte
1620 4414 1676 4453 we·

410 4490 486 4559 niger
504 4488 630 4543 Gewicht
654 4490 791 4562 beigelegt
809 4507 840 4543 zu
859 4491 959 4556 haben,
984 4490 1036 4543 und
1055 4489 1137 4544 daher
1159 4490 1262 4543 kommt
1281 4488 1396 4553 Bonner,
1420 4487 1466 4540 der
1484 4487 1613 4541 wahrend
1632 4486 1679 4540 der

410 4578 523 4631 zweiten
537 4577 770 4632 Zusammenkunst
785 4580 811 4631 in
824 4578 946 4649 Bologna
960 4579 1029 4632 nach
1042 4577 1165 4648 England
1177 4577 1372 4648 zuruclrgereist
1385 4594 1449 4641 war,
1468 4592 1512 4628 ant
1528 4591 1566 4645 31·
1580 4576 1678 4647 Januar

413 4681 477 4736 1533
498 4666 524 4719 in
543 4667 630 4720 einent
650 4666 757 4738 grossen
777 4666 922 4720 Schreiben
941 4684 974 4719 an
993 4666 1095 4719 Bennet
1114 4666 1144 4733 (Ι.
1164 4684 1186 4720 c.
1202 4665 1260 4719 VII.
1280 4663 1433 4731 aro-416)
1452 4663 1614 4717 ausliihrlich
1633 4663 1682 4717 auf

411 4754 452 4808 die
476 4755 561 4809 Sache
584 4757 692 4821 zurich,
716 4773 761 4809 urn
780 4754 832 4809 den
855 4755 1008 4808 romischen
1028 4754 1182 4808 Gesandten
1206 4756 1242 4807 im
1262 4754 1368 4807 Namen
1390 4752 1530 4805 Heinrichs
1543 4751 1615 4806 VIII.
1635 4751 1678 4805 die

410 4842 662 4898 ausserordentliche
681 4844 835 4914 'Iragweite
854 4842 1035 4915 klarzulegen,
1059 4842 1101 4896 die
1120 4859 1181 4896 man
1202 4844 1227 4895 iu
1246 4840 1368 4911 England
1393 4840 1440 4893 der
1459 4840 1677 4911 Angelegenheit

411 4930 528 4997 belmass,
548 4931 690 5002 allerdings
703 4931 861 4986 wesentlich
880 4931 998 4997 deshalb,
1017 4930 1078 4985 weil
1098 4948 1159 4984 man
1179 4930 1296 4984 dieselbe
1314 4928 1353 4982 als
1371 4927 1455 4982 Hebel
1475 4927 1516 4982 tur
1534 4928 1577 4982 die
1590 4928 1677 4982 Riaclr·

411 5021 581 5091 verweisung
603 5018 649 5073 des
673 5020 815 5076 Prozesses
842 5021 910 5075 nach
934 5019 1056 5092 England
1081 5037 1112 5072 zu
1136 5027 1284 5075 verwerten
1310 5017 1411 5072 suchte.
1449 5016 1484 5070 Es
1508 5033 1573 5091 mag
1596 5016 1679 5072 daher
