3802 5606
242 302 309 356 Acta
329 298 528 356 consistorialia.
1550 289 1613 351 209

348 461 471 528 Rornae
499 459 550 527 die
579 459 649 526 XII.
679 459 808 526 ianuarii
837 480 918 547 1532
949 459 1006 528 fuit
1034 459 1213 542 decretum,
1243 479 1276 527 ut
1304 461 1436 528 Domini
1466 460 1614 529 informa·

243 580 352 635 rentur
374 589 432 655 pro
456 564 506 634 die
530 566 622 633 lunae
649 588 743 653 super
767 567 970 634 excusatoriis
993 565 1154 655 productis
1179 569 1210 636 in
1234 569 1338 655 primo
1362 568 1554 635 consistorio
1578 567 1616 636 ab

244 685 428 741 excusatore
452 673 535 760 regis
557 672 702 760 Angliae.

349 781 471 848 Romae
499 778 549 846 die
579 778 670 847 lunae
694 779 767 846 XV.
793 780 921 847 ianuarii
951 800 985 864 15
993 801 1032 866 32
1062 779 1118 847 fuit
1141 803 1191 848 res
1215 780 1389 868 Anglicana
1420 781 1558 851 discussa
1582 806 1617 850 ac

245 887 277 952 in
302 909 337 952 ea
360 886 558 967 conclusum,
582 884 767 952 reiiciendas
791 908 860 954 esse
884 888 1104 954 excusationes
1127 887 1284 974 allegatas,
1312 887 1424 976 quibus
1448 888 1617 969 dicebatur,

246 990 416 1079 impeditos
443 991 538 1059 fuisse
570 991 644 1058 iuris
675 991 855 1074 consultos,
886 1006 917 1060 et
947 991 1015 1060 data
1048 993 1260 1081 peremptoria
1292 992 1398 1061 dilatio
1428 1017 1484 1082 per
1513 1008 1617 1063 totum

246 1121 392 1165 mensem
417 1098 556 1165 ianuarii.

351 1203 475 1272 Romae
503 1202 554 1270 die
582 1205 729 1270 mercurii
753 1203 822 1270 VH.
852 1202 996 1271 februarii
1025 1226 1037 1270 1
1045 1224 1059 1288 5
1067 1223 1107 1290 32
1136 1206 1312 1292 comparuit
1335 1205 1437 1272 Dnus.
1461 1205 1620 1274 Iohannes

247 1311 407 1376 Antonius
430 1308 615 1391 Mussetola,
639 1320 748 1376 orator
772 1309 925 1391 Caesaris,
950 1332 1023 1376 cum
1048 1310 1134 1377 Duo.
1159 1310 1227 1377 loli.
1245 1309 1380 1400 Aloysio
1404 1314 1532 1397 reginae
1555 1315 1621 1379 An-

248 1416 328 1503 gliae
351 1414 517 1497 advocatu,
547 1417 599 1505 qui
623 1416 728 1503 petiit,
758 1427 926 1504 postquam
955 1426 1004 1483 tot
1028 1415 1196 1483 dilationes
1225 1415 1314 1484 datae
1338 1421 1514 1486 excusatori
1538 1421 1621 1506 regis

249 1521 382 1608 Angliae
409 1523 612 1609 praeteriere,
636 1521 789 1588 Sanctitas
817 1522 879 1588 Sua
908 1534 939 1589 et
968 1545 1091 1590 sacrum
1120 1522 1290 1610 collegium
1314 1524 1431 1592 vellent
1454 1527 1620 1612 negotium

249 1629 481 1695 excusatorium
505 1628 620 1716 pluries
644 1650 834 1694 concessum
857 1650 916 1715 pro
940 1629 1055 1695 iustitia
1079 1626 1236 1716 expedire.
1284 1629 1341 1717 (A.
1366 1630 1386 1698 f.
1415 1630 1504 1720 194.)

354 1751 497 1839 Allegata
520 1775 576 1840 per
599 1763 818 1819 excusatorem
842 1751 955 1819 Sermi.
980 1754 1064 1839 regis
1086 1752 1237 1838 Angliae:

355 1858 447 1925 Pater
474 1870 596 1939 sancte,
624 1857 697 1924 licet
724 1856 797 1924 alias
826 1858 1065 1945 supplicaverim
1090 1857 1252 1926 Sanctitati
1272 1859 1420 1942 Vestrae,
1449 1873 1483 1927 ut
1512 1858 1622 1928 eadem

251 1965 398 2054 dignetur
421 1986 515 2051 agere
539 1983 570 2030 et
593 1966 710 2047 iuvare,
733 1976 768 2031 ut
791 1963 1020 2057 impedimenta
1044 1964 1125 2031 illata
1148 1988 1203 2052 per
1222 1963 1428 2049 adversarios,
1452 1967 1625 2054 quominus

251 2072 395 2141 advocati
424 2072 507 2158 tegis
534 2083 600 2137 tam
629 2094 668 2137 ex
695 2070 835 2152 Patavi0,
863 2093 957 2159 quam
988 2094 1026 2137 ex
1054 2071 1202 2138 Bononia
1224 2072 1370 2138 venirent
1398 2072 1458 2140 huc
1486 2070 1525 2138 ad
1554 2072 1626 2140 sub·

252 2177 392 2246 eundum
416 2201 499 2244 onus
515 2176 655 2266 publicae
679 2176 873 2245 defensionis
897 2178 1098 2244 materiarum
1128 2180 1405 2262 excusatoriarum,
1429 2178 1625 2262 tollerentur,

251 2298 359 2352 tamen
394 2284 546 2351 hactenus
580 2307 647 2350 non
682 2285 749 2350 sine
784 2285 871 2370 gravi
906 2282 1098 2371 praeiudicio
1136 2297 1166 2352 et
1201 2285 1337 2351 maxima
1375 2287 1487 2352 iniuria
1520 2287 1626 2373 regiae

252 2391 424 2458 Maiestatis
459 2414 494 2457 ac
528 2391 594 2458 eius
629 2413 739 2456 causae
774 2389 892 2456 sublata
924 2412 991 2456 non
1026 2388 1162 2457 fuerunt.
1218 2390 1451 2473 Nihilominus,
1486 2415 1526 2459 ne
1560 2393 1626 2459 eius

253 2498 401 2564 Maiestas
425 2516 456 2563 et
480 2497 628 2563 materiae
653 2496 866 2563 excusatoriae
890 2496 1068 2582 patrocinio
1092 2494 1260 2579 destitutae
1284 2509 1404 2578 essent,
1430 2510 1536 2564 exacta
1559 2497 1627 2565 dili-

253 2604 359 2691 gentia
383 2604 488 2670 curavi
511 2600 627 2669 habere
650 2600 728 2668 alios
752 2602 899 2689 egregios
932 2601 1005 2668 iuris
1028 2600 1193 2669 consultos
1217 2627 1255 2668 ex
1278 2600 1409 2670 diversis
1431 2603 1536 2672 Italiae
1559 2628 1627 2692 par-

253 2708 335 2776 tibus
359 2722 391 2777 et
413 2708 539 2790 studiis,
562 2709 616 2799 qui
639 2709 828 2775 interessent
855 2706 997 2795 publicae
1024 2705 1203 2775 defensioni
1232 2707 1384 2776 dictarum
1415 2711 1627 2792 materiarum,

254 2817 307 2903 qui
323 2813 557 2904 responderunt
579 2838 613 2882 se
630 2826 792 2896 venturos,
817 2812 996 2880 dummodo
1020 2815 1174 2902 temporis
1194 2813 1458 2883 commoditatem
1483 2815 1626 2884 habeant.

256 2922 364 3003 Quare
381 2923 494 2989 iterum
518 2921 709 3009 supplicatur
728 2920 890 2987 Sanctitati
907 2920 1050 3002 Vestrae,
1075 2932 1109 2987 ut
1125 2922 1170 2987 eis
1191 2920 1339 3009 dignetur
1363 2920 1628 2990 commoditatem

257 3026 440 3095 huiusmodi
456 3025 651 3110 concedere,
680 3026 753 3093 alias
778 3025 817 3093 de
841 3038 976 3116 utroque
999 3028 1183 3114 gravamine
1207 3050 1315 3094 coram
1332 3028 1503 3096 Sanctitate
1515 3028 1629 3097 Vestra

256 3148 425 3223 protestor,
450 3154 481 3201 et
504 3133 711 3200 nihilomiuus
735 3134 767 3198 in
792 3145 953 3215 eventum,
984 3135 1017 3199 in
1041 3156 1137 3223 quem
1161 3135 1264 3201 neutri
1287 3133 1499 3223 praefatorum
1524 3136 1629 3224 provi·

257 3240 376 3323 deatur,
400 3240 484 3323 dic0,
513 3240 600 3330 quod
628 3264 737 3307 sumus
760 3241 857 3328 parati
885 3238 924 3306 ad
948 3238 1143 3307 subeundam
1173 3239 1328 3328 publicam
1353 3240 1573 3309 defensionem
1599 3256 1630 3309 et

258 3346 505 3436 disputationem
534 3345 687 3414 dictarum
716 3347 934 3425 materiarum,
963 3369 1098 3412 exorans
1122 3347 1326 3414 Sanctitatem
1345 3348 1508 3430 Vestram,
1537 3360 1571 3415 ut
1595 3372 1631 3415 ea

259 3452 405 3542 dignetur
428 3451 578 3541 deputare
606 3451 727 3540 aliquos
755 3474 793 3517 ex
817 3452 916 3520 Rmis.
941 3452 1043 3532 Dnis,
1072 3453 1125 3541 qui
1155 3450 1232 3519 dent
1261 3451 1393 3518 modum
1424 3466 1455 3520 et
1483 3450 1629 3520 ordinem

260 3561 505 3628 convenientem
530 3558 724 3626 excusationi
748 3570 780 3625 et
803 3556 1008 3645 disputationi
1032 3556 1224 3624 huiusmodi.

365 3683 491 3764 Quibus
507 3682 620 3750 auditis
644 3701 675 3750 et
691 3682 798 3749 clauso
815 3683 1008 3749 consistorio
1033 3681 1176 3763 exclusis,
1200 3681 1257 3749 fuit
1276 3705 1331 3769 per
1348 3680 1520 3770 praefatum
1537 3683 1632 3750 Sanc-

260 3792 419 3858 tissimum
442 3778 483 3857 D.
508 3790 549 3857 N.
573 3790 773 3878 propositum
803 3790 884 3856 inter
907 3789 1010 3855 Duos.
1034 3789 1146 3856 Rmos.
1172 3787 1358 3870 cardinaleS,
1390 3801 1424 3856 ut
1447 3788 1521 3879 quid
1551 3802 1634 3857 esset

261 3896 421 3984 agendum
437 3898 519 3964 11111
535 3897 725 3985 praemissos
742 3887 945 3962 consulerent
961 3894 1000 3961 ad
1016 3895 1089 3976 hoc,
1106 3913 1139 3961 ut
1156 3896 1256 3983 possit
1272 3896 1340 3962 sine
1357 3893 1482 3985 querela
1498 3897 1633 3984 partium

263 4003 401 4071 indicta
428 4027 520 4070 causa
542 4004 656 4070 iustitia
685 4002 872 4083 ministrari3
905 4014 936 4068 et
958 4000 1086 4068 tandem
1117 4000 1255 4068 discussa
1285 4004 1415 4069 materia
1444 4003 1580 4090 graviter
1605 4015 1635 4069 et

263 4128 384 4176 mature
408 4110 489 4176 inter
512 4132 568 4176 eos
597 4107 654 4176 fuit
677 4132 732 4196 per
756 4109 959 4175 Sanctitatem
985 4108 1080 4175 Suam
1105 4106 1145 4174 de
1173 4109 1338 4174 communi
1363 4108 1531 4176 Rmorum.
1556 4126 1634 4175 voto

263 4214 460 4297 conclusum,
484 4215 569 4304 quod
593 4214 721 4296 adhoc,
744 4228 778 4283 ut
802 4212 892 4281 dictis
915 4212 1079 4300 agentibus
1103 4237 1254 4302 protege
1278 4227 1309 4281 et
1331 4214 1440 4302 regina
1461 4215 1636 4301 respective

263 4322 418 4390 auferatur
432 4324 562 4389 materia
585 4322 684 4389 iustae
707 4320 862 4410 querelae,
887 4332 919 4387 et
935 4319 1077 4388 deveniri
1100 4322 1201 4408 possit
1224 4318 1380 4387 addictae
1404 4343 1515 4387 causae
1534 4318 1636 4387 deter-

265 4429 485 4510 minationem,
509 4426 596 4517 quod
620 4427 721 4495 dictae
737 4426 966 4515 disputationes
990 4425 1130 4514 publicae
1154 4449 1247 4514 super
1270 4426 1450 4513 praemissis
1472 4423 1637 4493 audiantur

266 4574 372 4581 »q-—-

266 4658 388 4713 ziemlich
411 4674 500 4729 genau
524 4656 571 4710 det
595 4656 700 4710 Rericht
724 4656 826 4710 Carnes
852 4657 894 4710 bei
918 4655 1056 4722 Gairdner,
1080 4656 1111 4710 V.
1136 4673 1161 4710 n.
1181 4669 1245 4724 7313
1273 4653 1342 4707 doch
1368 4652 1454 4707 dorne
1480 4653 1526 4707 der
1551 4653 1638 4709 Name

267 4729 402 4795 Perusius,
421 4730 474 4782 wie
493 4727 538 4781 ihu
562 4728 604 4781 die
623 4727 711 4781 1111111
730 4727 830 4793 baben,
855 4726 982 4797 richtiger
1001 4728 1058 4780 sein
1081 4726 1120 4780 als
1138 4726 1220 4780 Patisi
1239 4724 1305 4778 oder
1323 4724 1424 4777 Parisio
1449 4725 1475 4777 in
1495 4724 1546 4778 den
1572 4740 1638 4794 eng·

267 4799 368 4859 111111
387 4798 537 4854 Berichten.
574 4798 698 4852 Perusius
717 4807 800 4852 neunt
819 4798 866 4852 ihn
884 4799 953 4852 auch
965 4796 1105 4868 Stolresley
1125 4797 1151 4850 in
1170 4796 1274 4850 seinem
1292 4794 1415 4848 Berichte
1433 4812 1498 4849 vom
1517 4795 1638 4865 11811-

267 4871 371 4924 tember
391 4885 466 4939 1530,
490 4869 563 4923 State
582 4867 681 4939 Papers
699 4868 758 4925 VII.
780 4868 838 4938 256,
863 4868 934 4922 doch
953 4867 1108 4922 bezeichnet
1127 4868 1173 4920 ihn
1191 4866 1278 4919 dieser
1296 4864 1334 4918 als
1353 4865 1405 4918 deu
1423 4866 1639 4934 augesehensten

270 4940 458 4995 Rechtslehrer
477 4941 503 4994 in
522 4939 619 5006 Padua,
637 4940 712 4994 nicht
731 4941 756 4992 in
776 4939 906 5011 Bologna.

322 5047 429 5097 1111111.
444 5046 570 5089 1161111111
587 5046 742 5091 Dokumoute.
1485 5050 1508 5084 11
