3836 5598
246 388 311 439 ¹53⁰
329 370 494 440 September.

896 530 956 616 tl.

342 673 520 740 Clemens
540 672 609 739 VII.
633 695 673 738 an
697 669 748 738 die
772 671 1003 759 englischen
1027 674 1204 742 Pralaten
1228 673 1303 742 und
1327 674 1506 743 Grossen.

348 831 411 886 Eine
429 832 532 896 andere,
551 831 683 885 inhaltlt'ch
701 833 747 883 mil
762 832 807 883 der
825 832 1005 885 vorstehenden
1022 833 1119 903 gleiche
1133 833 1248 905 Fassung
1266 835 1312 886 der
1327 836 1482 907 pdprllichen
1496 834 1614 890 Anttvort

242 940 276 974 av
294 922 336 973 die
354 921 495 992 englischen
515 920 604 973 Lords.

346 1045 462 1112 Dilecti
478 1042 533 1111 filii
548 1043 691 1111 salutem.
738 1042 789 1110 Ad
812 1043 901 1110 XVI.
919 1042 1004 1111 diem
1022 1043 1113 1111 huius
1138 1047 1257 1112 mensis
1272 1044 1414 1114 redditae
1433 1059 1506 1115 sunt
1522 1049 1614 1115 nobis

242 1152 361 1218 litterae
389 1161 528 1232 vestrae,
560 1150 672 1240 quibus
702 1171 848 1216 accusare
881 1149 997 1217 mirum
1030 1151 1063 1216 in
1092 1149 1225 1219 modurn
1255 1150 1407 1219 videmini
1436 1152 1614 1222 tarditatem

243 1269 385 1325 nostram
413 1258 445 1323 in
474 1255 649 1324 decidenda
678 1255 747 1339 lite,
776 1278 856 1345 quae
884 1254 923 1323 de
952 1257 1159 1324 matrimonio
1189 1269 1235 1325 est
1266 1258 1348 1325 inter
1376 1260 1555 1327 carissimos
1582 1262 1615 1329 in

243 1362 372 1433 Christo
396 1362 478 1432 filios
502 1376 631 1432 nostros
654 1364 829 1432 Henricum
845 1364 979 1453 Angliae
1003 1387 1113 1453 regem
1137 1363 1190 1445 ill,
1213 1365 1312 1431 Dom.
1337 1364 1518 1449 Hiberniae,
1541 1364 1615 1434 fidei

243 1468 460 1553 defensorem,
485 1483 516 1538 et
543 1470 747 1539 Catherinam
771 1472 924 1558 reginam.
971 1471 1041 1538 Vos
1064 1493 1153 1553 vero,
1177 1472 1203 1537 si
1226 1483 1279 1538 aut
1301 1473 1442 1539 animum
1469 1484 1613 1541 nostrum

244 1599 317 1665 erga
344 1599 454 1665 regem
480 1578 598 1666 ipsum,
628 1599 723 1667 quem
753 1576 876 1664 saepius
905 1575 1141 1659 declaravimus,
1171 1578 1336 1665 cognitum
1366 1576 1536 1660 haberetis,
1563 1598 1616 1646 aut

243 1706 404 1750 sacrorum
443 1707 619 1766 canonum,
652 1681 925 1773 quemadmodum
957 1705 1014 1751 vos
1047 1682 1249 1750 ecclesiarum
1283 1695 1314 1751 et
1348 1685 1615 1752 monasteriorum

243 1788 397 1877 praelatos
421 1801 594 1878 oporteret,
619 1790 743 1858 nonita
767 1788 922 1878 profecto,
946 1801 982 1857 ut
996 1788 1124 1872 lecistis,
1148 1787 1203 1856 sed
1219 1790 1382 1856 remissius
1405 1791 1615 1879 scripsissetis.

243 1894 313 1963 Nos
337 1896 421 1963 enim
446 1919 588 1964 amamus
612 1919 721 1985 regem
745 1897 849 1985 ipsum
875 1907 908 1964 ut
930 1894 1030 1963 filium
1054 1896 1262 1977 carissimum,
1287 1907 1318 1963 et
1341 1919 1415 1963 cum
1439 1898 1505 1963 eius
1529 1920 1616 1985 prae·

244 2000 339 2069 claras
362 2003 492 2070 virtutes
517 2015 548 2069 et
570 2014 635 2070 tam
659 2002 756 2070 multa
780 2014 811 2071 et
834 2003 973 2070 maxima
1002 2003 1034 2069 in
1060 2025 1119 2070 nos
1143 2014 1236 2091 atque
1260 2003 1291 2069 in
1315 2001 1431 2070 Sedem
1455 2004 1616 2091 Apostoli·

244 2131 313 2176 cam
330 2110 451 2191 merita,
468 2131 604 2198 quorum
621 2133 680 2177 vos
696 2110 862 2176 minimam
878 2120 1000 2197 partem
1018 2110 1292 2193 commemoratis,
1309 2122 1417 2179 mente
1433 2111 1616 2199 repetimus,

244 2237 323 2304 quae
346 2213 475 2305 quidem
499 2212 591 2282 nobis
614 2215 772 2281 inanimo
795 2215 888 2282 insita
910 2226 985 2282 sunt
1006 2238 1066 2283 nec
1089 2215 1163 2283 inde
1181 2214 1258 2283 elabi
1282 2230 1432 2305 possunt:
1457 2216 1535 2284 nihil
1559 2228 1616 2299 est,

245 2320 331 2411 quod
355 2344 422 2388 non
450 2320 531 2388 illius
555 2344 646 2388 causa
675 2322 848 2410 cupiamus,
876 2320 968 2404 nihil,
992 2344 1056 2411 quo
1081 2324 1148 2389 eius
1170 2322 1369 2391 Maiestatem
1399 2321 1617 2411 dignissimam

245 2449 312 2494 non
335 2425 520 2494 iudicemus.
567 2425 629 2495 Sed
654 2449 727 2494 cum
750 2425 906 2509 videmus,
929 2450 991 2494 nos
1014 2429 1046 2495 in
1071 2450 1111 2495 eo
1135 2428 1208 2496 loco
1233 2452 1318 2511 esse,
1345 2427 1430 2496 unde
1454 2452 1616 2496 summum

245 2536 292 2601 ius
314 2532 489 2622 procedere
517 2532 626 2615 debet,
656 2534 739 2601 iuxta
767 2532 843 2601 illud
866 2533 1089 2623 Apocalypsis:
1118 2534 1162 2601 Ex
1191 2557 1247 2601 ore
1276 2533 1415 2603 sedentis
1442 2536 1475 2601 iu
1498 2535 1617 2602 throno

244 2638 389 2729 procedit
411 2638 532 2728 gladius
560 2639 607 2707 bis
635 2651 760 2722 acutus,
784 2639 871 2729 quod
894 2639 976 2728 apud
1001 2662 1140 2708 canones
1167 2642 1399 2729 interpretatur,
1427 2642 1618 2709 sententiam

245 2747 363 2814 summi
391 2743 555 2813 Pontificis
585 2744 700 2814 debere
733 2768 801 2813 esse
831 2746 1040 2813 rectissimam
1072 2757 1100 2813 et
1133 2747 1217 2813 iuxta
1246 2744 1351 2833 legem
1382 2744 1536 2829 divinam,
1566 2746 1617 2814 ubi

245 2854 482 2942 scriptumest:
510 2852 557 2920 Ita
579 2851 728 2920 iudicabis
757 2874 909 2940 magnum
939 2853 1020 2919 sicut
1042 2875 1174 2941 parvum
1202 2853 1271 2919 sine
1301 2851 1402 2942 aliqua
1430 2853 1618 2941 exceptione

245 2982 469 3048 personarum3
498 2981 570 3026 cum
587 2959 682 3047 igitur
704 2958 780 3026 haec
804 2969 836 3025 et
858 2957 916 3025 alia
932 2958 980 3025 his
1004 2958 1117 3025 similia
1139 2958 1172 3025 in
1188 2960 1297 3024 animo
1313 2957 1518 3041 revolvimus,
1541 2959 1619 3027 nihil

246 3065 305 3133 nisi
328 3067 456 3147 iustum,
481 3064 558 3132 nihil
582 3065 641 3131 nisi
664 3077 786 3133 rectum
810 3063 970 3153 agendum
994 3065 1087 3132 nobis
1111 3087 1180 3131 esse
1203 3065 1391 3152 putavimus.

350 3172 458 3261 Itaque
482 3195 500 3239 a
522 3172 689 3261 principi0,
713 3194 786 3239 cum
810 3172 888 3260 regii
911 3184 1054 3239 oratores
1076 3169 1116 3238 ad
1132 3193 1193 3238 nos
1217 3169 1399 3238 huiusmodi
1416 3194 1541 3238 causam
1565 3170 1619 3238 de·

246 3277 394 3360 tulerunt,
418 3279 515 3345 animi
531 3279 631 3345 nostri
652 3278 902 3366 propensionem
919 3278 1020 3365 magis
1036 3300 1131 3365 quam
1155 3277 1230 3343 iuris
1245 3277 1391 3365 vigorem
1415 3276 1515 3343 secuti
1531 3298 1619 3343 com·

248 3385 391 3451 misimus
414 3382 497 3451 illam
527 3382 647 3451 dilectis
675 3382 746 3450 filiis
775 3384 893 3451 nostris
916 3381 1066 3450 Thomae
1094 3381 1174 3450 tituli
1197 3382 1229 3449 S.
1250 3382 1405 3450 Caeciliae
1429 3382 1618 3449 Eboracensi

247 3502 278 3557 et
300 3489 471 3558 Laurentio
495 3490 575 3557 tituli
599 3490 630 3558 S.
654 3490 857 3556 Anastasiae¹
881 3487 920 3556 de
942 3488 1119 3577 Campegio
1144 3486 1334 3577 presbyteris
1357 3486 1562 3555 cardinalibus
1585 3490 1618 3555 in

247 3597 313 3663 eius
335 3619 449 3684 regno,
473 3598 575 3664 immo
598 3598 631 3662 in
656 3597 722 3663 eius
746 3594 846 3663 domo
871 3593 1059 3662 audiendam
1084 3605 1115 3661 et
1137 3590 1381 3674 terminandam,
1408 3615 1488 3681 quae
1510 3604 1619 3661 tamen

247 3715 375 3791 propter
399 3702 497 3770 multa
519 3725 697 3790 magnaque
721 3700 824 3784 dubia,
848 3703 982 3790 quaein
1008 3724 1043 3768 ea
1067 3711 1150 3782 sunt,
1174 3696 1300 3765 diffiniri
1326 3720 1392 3765 non
1415 3699 1534 3786 potuit3
1563 3698 1618 3767 sed

247 3833 286 3877 ex
302 3832 342 3877 eo
365 3821 488 3877 tantum
513 3809 626 3877 coniici
650 3820 765 3898 potest:
790 3807 883 3875 nobis
907 3809 1063 3874 maximae
1080 3829 1172 3874 curae
1196 3828 1276 3887 esse,
1300 3816 1334 3872 ut
1354 3803 1512 3872 eiusmodi
1527 3829 1619 3873 causa

247 3913 345 3983 finem
369 3915 512 3998 haberet,
537 3939 609 3983 cum
636 3914 676 3982 ob
701 3914 757 3983 alia
781 3913 894 3997 multa,
922 3926 990 3981 tum
1014 3926 1189 4001 praeterea,
1221 3930 1255 3979 ut
1278 3934 1333 3979 rex
1356 3912 1422 3999 ipse
1445 3910 1483 3978 ab
1508 3937 1543 3980 ea
1566 3911 1619 3980 lite

247 4020 428 4089 liberaretur
443 4022 649 4111 animumque
668 4021 707 4089 ad
723 4020 795 4088 alias
815 4021 1025 4108 cogitationes
1040 4018 1227 4100 traduceret,
1251 4016 1363 4107 quibus
1377 4017 1514 4106 gloriam
1530 4041 1619 4085 suam

247 4148 385 4215 augeret.
423 4129 543 4195 Verum
559 4140 766 4216 posteaquam
789 4127 918 4215 reginae
935 4143 1157 4214 procuratores
1180 4122 1219 4191 de
1237 4146 1277 4190 eo
1295 4122 1555 4206 reclamaverunt,
1580 4147 1620 4190 ne

248 4233 413 4323 quisquam
441 4233 480 4301 de
504 4234 596 4302 nobis
624 4236 705 4301 iuste
729 4234 881 4323 conqueri
909 4243 1033 4320 posset,
1062 4243 1094 4299 et
1116 4242 1152 4298 ut
1174 4232 1242 4297 sine
1265 4231 1446 4318 suspicione
1469 4229 1618 4298 iudicium

248 4339 443 4427 procederet,
468 4364 593 4408 causam
617 4340 655 4408 ad
679 4362 739 4406 nos
763 4339 996 4419 advocavimus,
1022 4360 1061 4405 eo
1080 4335 1199 4405 scilicet
1222 4337 1341 4418 animo,
1365 4347 1399 4402 ut
1422 4336 1530 4402 omnia
1554 4333 1620 4403 dili·

247 4447 373 4533 gentius
400 4458 491 4514 antea
519 4458 797 4535 perscrutaremur,
826 4468 920 4534 quam
949 4444 1138 4511 sententiam
1169 4440 1392 4530 proferremus.
1438 4441 1522 4508 Nam
1547 4463 1619 4508 cum

248 4575 433 4641 unaquaque
456 4554 489 4619 in
513 4575 546 4619 re
563 4552 760 4621 considerate
776 4548 1014 4640 procedendum
1039 4547 1131 4615 nobis
1148 4560 1205 4628 est,
1228 4559 1297 4614 tum
1314 4544 1414 4612 multo
1432 4546 1526 4612 etiarn
1544 4568 1620 4612 con-

248 4656 411 4726 sideratius
434 4659 466 4725 in
491 4659 548 4725 hac
575 4656 815 4746 procedendum
844 4668 1001 4744 putamus,
1032 4677 1111 4743 quae
1141 4666 1172 4721 et
1196 4653 1303 4739 magni
1331 4652 1489 4718 momenti
1518 4663 1567 4717 est
1590 4663 1621 4718 et

249 4764 329 4831 inter
352 4765 438 4832 viros
466 4762 599 4832 illustres
622 4766 734 4852 agitur,
764 4776 795 4831 et
818 4765 851 4830 in
874 4785 969 4852 quam
997 4782 1112 4828 omnes
1136 4756 1247 4825 oculos
1275 4756 1439 4823 coniectos
1463 4754 1618 4823 videmus.

356 4894 540 4996 'En-lutum
559 4941 605 4995 des
618 4941 779 5007 Verfassers,
799 4940 832 4994 da
845 4938 1016 5009 Campeggio
1030 4935 1104 4990 wohl
1124 4950 1171 4988 vor
1185 4934 1292 4986 kurzem
1311 4929 1548 5000 Kardinalpriester
1567 4949 1620 4985 von

249 5012 285 5066 St.
306 5013 453 5079 Anastasia,
473 5012 515 5065 bel
535 5011 581 5064 der
600 5011 727 5082 Sendung
746 5010 813 5065 nach
833 5008 955 5079 England
973 5008 1036 5060 aber
1054 5021 1108 5058 von
1127 5004 1164 5063 St,
1184 5002 1265 5055 Maria
1284 5002 1310 5054 in
1330 5000 1489 5056 Trastevere
1508 5019 1571 5056 war.

1464 5110 1498 5152 11¹
