3820 5592
281 329 301 393 8
1407 346 1558 403 December
1580 362 1647 418 1527

282 502 460 572 Sanctitatis
482 503 568 573 luctu
588 516 619 573 et
642 503 765 594 publica
787 505 885 573 totius
902 505 1135 574 christianitatis
1158 506 1394 595 perturbatione
1417 506 1513 576 velim
1537 530 1653 576 conso-

281 609 434 678 lationem
458 610 553 678 ullam
569 609 728 694 adhibere,
751 609 796 678 nil
818 608 902 679 aliud
918 634 971 679 me
994 632 1236 702 assequuturum
1258 612 1365 697 video,
1390 637 1484 704 quam
1505 633 1540 682 ut
1554 615 1654 683 utrin-

281 740 343 807 que
367 741 405 785 ex
428 729 513 785 tanta
535 715 716 786 infelicitate
740 737 933 807 conceptum
957 742 1091 807 augeam
1116 716 1275 803 dolorem,
1298 743 1393 810 quem
1417 718 1467 788 vel
1490 720 1567 788 haec
1589 744 1653 789 una

282 824 361 891 ratio
385 822 483 890 multa
507 824 539 891 in
563 836 650 912 parte
673 825 736 891 iam
759 837 869 914 posset
892 824 1047 908 emollire,
1070 848 1106 893 ac
1130 849 1168 893 ex
1195 838 1261 895 tam
1284 825 1430 915 gravibus
1457 826 1653 895 successibus

283 951 353 996 eam
368 931 466 997 animi
481 928 701 999 fortitudinem
718 931 872 1003 Sanctitas
888 932 1002 999 Vestra
1025 930 1165 1001 induisse
1181 930 1285 1018 debet,
1308 945 1343 1002 ut
1358 934 1555 1023 optimorum
1575 957 1652 1002 con-

282 1034 425 1103 siliorum
441 1037 474 1104 in
491 1035 675 1104 universalis
690 1037 920 1126 tranquillitatis
943 1038 1076 1125 gratiam
1098 1050 1190 1106 antea
1214 1050 1436 1128 susceptomm
1458 1040 1652 1108 conscientia

282 1140 370 1224 freta,
393 1144 537 1231 graviora
561 1143 645 1211 nulla
659 1143 796 1233 pericula
820 1143 867 1211 his
891 1166 971 1233 quae
994 1167 1084 1232 passa
1100 1156 1148 1213 est
1167 1144 1301 1234 amplius
1324 1147 1434 1214 timeat
1456 1146 1652 1214 meminerit·

282 1271 354 1337 que,
377 1249 451 1317 Deo
475 1247 555 1319 duce
579 1275 613 1318 se
636 1262 841 1340 sanctamque
857 1250 1023 1318 ecclesiam
1046 1270 1120 1339 post
1141 1263 1206 1319 tam
1223 1274 1336 1320 saevos
1359 1266 1523 1342 superatos
1538 1252 1651 1321 fluctus

283 1355 315 1421 in
339 1355 506 1444 pristinum
530 1355 734 1446 splendorem
757 1354 948 1448 quandoque
972 1357 1149 1425 restitutam
1172 1359 1219 1442 iri,
1243 1383 1279 1427 ac
1295 1370 1359 1428 tam
1384 1360 1563 1448 ingentium
1586 1382 1651 1427 ma·

281 1460 386 1528 lorum
410 1462 665 1531 recordationem
688 1465 820 1532 Vestrae
844 1464 1006 1532 Sanctitati
1029 1462 1265 1533 oblectamento
1288 1462 1435 1533 futuram.
1480 1465 1573 1532 Bono
1596 1466 1652 1534 ita·

283 1590 344 1656 que
368 1569 476 1636 animo
501 1592 570 1636 esse
598 1568 673 1637 velit
696 1580 728 1636 et
755 1569 861 1637 divina
888 1592 943 1637 sua
970 1567 1136 1657 pmdentia
1158 1571 1203 1638 sic
1233 1569 1363 1639 affectus
1391 1569 1589 1655 moderetur,
1619 1583 1652 1639 ut

284 1696 340 1741 eos
376 1674 577 1742 conculcasse
609 1677 726 1764 potius,
757 1698 852 1764 quam
884 1675 932 1744 his
964 1674 1165 1743 succubuisse
1194 1677 1403 1760 existimetur,
1432 1676 1652 1766 eiusmodique

283 1801 346 1868 ego
371 1803 409 1848 ex
432 1780 563 1869 publicis
586 1780 762 1850 actionibus
785 1805 876 1870 spem
900 1784 1044 1871 concepi,
1067 1801 1103 1850 ut
1125 1781 1211 1850 brevi
1235 1782 1396 1851 confidam
1419 1785 1529 1851 omnia
1543 1794 1651 1872 pacata

282 1886 328 1952 iri.
375 1888 450 1969 Qua
472 1889 504 1956 in
528 1911 577 1971 re,
607 1889 665 1956 etsi
692 1887 773 1956 adeo
802 1889 972 1957 exanimo
996 1887 1232 1972 elaboraverim,
1256 1902 1291 1958 ut
1313 1891 1346 1958 in
1369 1892 1497 1979 propria
1519 1911 1648 1957 conser-

282 1990 383 2060 vanda
406 1993 504 2062 salute
527 1994 614 2084 plura
637 2007 793 2083 praestare
817 1995 1045 2085 nequivissem,
1074 1993 1170 2064 doleo
1193 2008 1319 2080 tamen,
1348 2020 1401 2065 me
1423 1996 1522 2085 longe
1544 1997 1651 2064 minus

282 2099 433 2168 hactenus
456 2100 643 2189 proiecisse,
667 2124 761 2191 quam
785 2102 830 2169 rei
854 2100 1048 2189 magnitudo
1064 2102 1206 2191 exposcit
1229 2124 1363 2191 meaque
1387 2101 1465 2170 fides
1490 2114 1521 2170 et
1544 2100 1651 2169 obser-

281 2206 386 2273 vantia
409 2208 546 2274 maxime
568 2205 672 2274 vellet.
719 2206 822 2275 Habet
845 2208 959 2275 Vestra
982 2207 1136 2276 Sanctitas
1160 2208 1393 2296 pientissimum
1421 2209 1506 2277 hunc
1528 2230 1650 2295 regem,

281 2313 334 2400 qni
359 2310 501 2380 officium
526 2313 645 2381 nullum
675 2312 798 2383 afflictis
831 2315 898 2381 eius
927 2313 1070 2382 iuvandis
1101 2313 1194 2382 rebus
1223 2314 1284 2382 huc
1313 2337 1414 2404 usque
1442 2315 1652 2402 praetermisit

281 2441 340 2486 nec
374 2419 504 2507 proprio
539 2420 684 2508 sanguini
719 2418 839 2488 nedum
874 2420 986 2510 opibus
1016 2442 1148 2509 parcens
1177 2433 1269 2489 antea
1298 2422 1520 2511 conquiescet,
1556 2444 1651 2510 quam

281 2522 407 2593 filialem
427 2548 521 2593 suum
543 2525 690 2595 affectum
712 2539 744 2595 et
767 2526 801 2594 in
825 2526 1044 2615 Apostolicam
1067 2524 1184 2595 Sedena
1205 2526 1346 2595 studium
1364 2538 1512 2595 testatum
1531 2524 1650 2595 lecerit.

386 2632 510 2699 Interea
532 2654 622 2715 vero,
645 2655 717 2700 cum
742 2632 799 2700 alia
815 2634 938 2701 ratione
955 2645 1101 2724 nequeat,
1125 2630 1165 2701 ad
1183 2632 1388 2701 Sanctitatem
1408 2632 1556 2701 Vestram
1574 2655 1651 2701 con-

279 2736 443 2806 solandam
467 2750 629 2806 oratorem
645 2739 742 2807 mittit
757 2738 907 2808 dilectum
923 2748 1016 2808 s'uum
1032 2738 1246 2807 consiliarium
1262 2739 1440 2807 Dominum
1459 2739 1651 2827 Gregorium

281 2842 456 2928 Casalinm,
484 2844 538 2933 qui
567 2844 662 2912 etiam
690 2846 721 2911 in
751 2844 912 2913 nonnullis
939 2846 1117 2933 gravissimi
1144 2846 1303 2913 momenti
1332 2867 1391 2934 pro
1416 2843 1532 2913 eodem
1563 2845 1653 2912 Sere·

281 2949 415 3017 nissimo
440 2949 584 3018 Domino
608 2973 684 3018 meo
707 2973 783 3038 rege
798 2949 1003 3040 impetrandis
1026 2950 1118 3019 rebus
1142 2950 1317 3018 humillime
1338 2952 1472 3019 Vestrae
1492 2951 1653 3018 Sanctitati

282 3053 477 3144 supplicabit,
500 3079 581 3146 quae
603 3067 770 3145 tantopere
786 3058 853 3124 eius
876 3059 981 3145 regiae
1004 3057 1162 3126 Maiestati
1185 3055 1275 3126 cordi
1297 3076 1419 3126 suntet
1442 3069 1528 3126 tanta
1544 3078 1652 3124 earum

282 3159 492 3228 sollicitudine
516 3159 660 3244 afficitur,
683 3163 766 3229 utin
790 3161 937 3230 humanis
960 3162 1037 3231 nihil
1059 3175 1154 3254 queat
1169 3162 1332 3232 ardentius
1355 3176 1408 3232 aut
1430 3163 1652 3232 vehementius

283 3277 463 3354 expectare,
496 3278 526 3335 et
549 3289 612 3355 ego
641 3280 766 3356 putem,
795 3292 880 3336 nunc
904 3292 974 3336 esse
997 3268 1134 3337 oblatam
1158 3271 1373 3353 occasionem,
1404 3291 1465 3358 qua
1487 3270 1529 3337 V.
1553 3268 1585 3337 S.
1614 3292 1654 3336 ex

285 3371 434 3440 devincto
458 3396 532 3441 eum
555 3392 710 3462 perpetuo
734 3373 792 3442 sibi
808 3373 1081 3443 devinctissimum
1104 3374 1236 3443 reddere
1260 3398 1296 3442 ac
1319 3376 1367 3443 sui
1390 3375 1465 3443 iuris
1490 3385 1521 3442 et
1537 3373 1653 3442 arbitrii

282 3490 386 3547 totum
411 3479 513 3547 iacere
537 3481 647 3569 possit.
694 3480 795 3563 Quod
818 3483 986 3569 negotium
1009 3480 1147 3570 pluribus
1171 3504 1238 3548 non
1267 3479 1518 3564 commendab0,
1547 3480 1579 3548 id
1601 3502 1654 3547 so-

285 3584 454 3676 lummodo
478 3584 608 3670 addens,
632 3585 716 3655 nulla
738 3588 771 3654 in
794 3610 828 3655 re
845 3588 1050 3656 Sanctitatem
1065 3588 1215 3656 Vestram
1238 3611 1337 3678 aeque
1359 3611 1396 3655 ac
1423 3589 1456 3655 in
1479 3588 1537 3655 hac
1559 3609 1655 3675 posse

284 3680 400 3759 dictam
423 3694 542 3780 regiam
559 3693 758 3761 Maiestatem
774 3694 837 3762 suis
861 3692 1023 3763 desideriis
1038 3694 1152 3762 arctius
1168 3693 1373 3782 adstringere.
1411 3694 1462 3762 De
1478 3716 1530 3761 me
1546 3704 1652 3760 autem

285 3798 395 3864 omnia
417 3795 475 3864 sibi
498 3797 692 3886 polliceatur,
716 3823 797 3890 quae
819 3823 977 3890 unquam,
1005 3801 1100 3868 etiam
1129 3823 1202 3867 cum
1230 3823 1321 3867 meae
1343 3799 1450 3868 salutis
1473 3798 1654 3867 discrimine

284 3903 318 3969 in
341 3926 430 3970 suam
453 3904 585 3991 gratiam
609 3903 692 3972 effici
714 3917 875 3994 poterunt,
897 3904 1171 3996 quemadmodum
1194 3904 1280 3974 idem
1297 3905 1458 3974 Dominus
1479 3904 1654 3993 Gregorius

286 4032 362 4076 meo
390 4009 523 4076 nomine
552 4032 659 4077 coram
688 4009 804 4080 referet
832 4012 968 4095 uberius,
998 4014 1047 4080 cui
1070 4013 1217 4080 Vestram
1246 4012 1451 4080 Sanctitatem
1479 4011 1654 4079 humillime

285 4137 377 4203 rogo,
401 4126 436 4182 ut
458 4117 665 4184 certissimam
696 4118 729 4184 in
753 4117 902 4185 omnibus
925 4116 1023 4186 fidem
1046 4136 1203 4207 praestare
1230 4116 1388 4207 dignetur.
1434 4117 1544 4200 Quam
1566 4118 1654 4185 Deus

287 4220 367 4310 Opt
391 4221 475 4288 Max.
499 4220 697 4291 incolumem
721 4243 752 4291 et
775 4222 899 4296 felicem
923 4247 982 4293 suo
1005 4225 1096 4313 gregi
1119 4225 1270 4293 restituat.

393 4325 531 4395 Londini
556 4350 593 4396 ex
616 4330 697 4397 meis
720 4328 848 4398 aedibus
872 4329 923 4399 die
948 4350 977 4416 5.
1001 4329 1188 4399 Decembris
1215 4350 1307 4419 1527·

917 4541 1102 4610 Humillima
1124 4565 1160 4610 ac
1183 4541 1387 4612 devotissima
1410 4553 1551 4612 creatura

997 4648 1038 4716 T.
1063 4648 1236 4718 Cardinalis
1259 4649 1474 4717 Eboracensis.

498 4804 579 4860 Arch.
592 4806 678 4861 Vatic.
691 4805 798 4861 Lettere
817 4808 843 4861 di
861 4807 976 4880 Principi
993 4807 1055 4863 Vol.
1073 4807 1121 4873 4f.
1136 4823 1195 4879 233.
1227 4807 1303 4881 Orig.
1322 4806 1457 4864 Gedtuclrt
1476 4807 1518 4862 bei
1530 4804 1656 4873 Theiner,

393 4893 455 4948 Vct.
473 4892 547 4948 Mon.
567 4912 592 4966 p.
614 4909 671 4967 559,
690 4913 716 4950 n.
736 4910 795 4967 990,
814 4894 863 4950 mit
881 4896 989 4968 einigen
1007 4895 1129 4965 Fehlern,
1153 4897 1316 4952 namentlich
1338 4897 1372 4951 ist
1390 4911 1481 4968 gegen
1499 4894 1574 4950 Ende
1597 4894 1657 4948 eine

395 4999 479 5053 ganze
499 4982 568 5036 Zeile
587 4982 634 5036 des
653 4981 790 5054 Originals
809 4983 1017 5057 ubersprungen
