3802 5606
269 254 272 259 ’
294 289 357 354 276
1499 304 1529 357 n.
1550 300 1664 373 nerrage.

293 464 449 547 satissatti‚
474 478 504 532 et
527 476 617 532 tanto
645 464 698 553 piu
723 463 781 532 che
810 462 1007 531 intendiamo
1037 488 1093 554 per
1116 463 1269 533 relatione
1299 463 1477 553 d'ognuno,
1506 464 1565 531 che
1588 463 1614 529 si
1636 462 1666 529 la

294 574 371 658 ogni
394 573 511 660 giorno
536 570 567 637 di
595 570 723 658 miglior
745 585 833 639 sorte
865 590 895 638 et
924 573 976 659 piu
999 569 1039 638 da
1061 570 1143 639 bene
1167 584 1198 638 et
1222 570 1394 654 catholice,
1424 582 1455 638 et
1483 572 1538 638 noi
1567 592 1665 637 cono·

293 680 413 746 sciamo
438 677 536 745 molta
559 675 738 758 affettione,
768 676 849 745 ch'el
872 690 964 766 porta
987 677 1044 744 alla
1066 679 1177 766 regina
1199 677 1313 746 sorella
1341 677 1371 745 di
1394 678 1512 745 Vostra
1534 675 1665 756 Maesta,

293 784 461 853 studiando
500 785 532 850 in
572 784 650 869 ogni
685 806 759 850 cosa
793 781 868 849 farle
902 784 1025 871 piacere
1064 796 1095 851 et
1130 784 1265 852 honore.
1323 784 1362 851 Et
1396 796 1484 851 certo
1519 796 1666 850 restares·

294 893 377 958 simo
401 889 440 958 da
463 891 541 977 ogni
564 902 652 978 parte
681 887 854 972 consolati,
885 912 919 957 se
949 908 1063 979 questo
1094 889 1164 957 solo
1195 913 1278 978 poco
1309 891 1441 977 rispetto
1472 887 1504 956 di
1534 887 1665 978 qualche

293 997 480 1085 suspettuzzi
504 998 531 1062 si
554 997 582 1062 ci
605 994 733 1064 tollesse
757 994 903 1078 d'inanzi,
926 994 1049 1064 benche
1078 1019 1145 1063 non
1174 995 1311 1063 havemo
1335 1018 1416 1084 poca
1444 1018 1592 1084 speranza
1615 993 1665 1062 del

293 1105 379 1172 aiuto
403 1101 434 1169 di
458 1102 522 1169 Dio
546 1114 578 1169 et
602 1101 681 1170 della
712 1101 796 1169 bona
826 1114 934 1169 mente
964 1102 994 1169 di
1020 1103 1059 1169 V.
1084 1103 1129 1169 M.
1155 1115 1185 1170 et
1209 1101 1259 1169 del
1283 1101 1360 1170 cald'
1389 1104 1497 1169 animo
1526 1124 1620 1169 verso
1645 1099 1666 1166 il

293 1210 355 1277 ben
379 1209 411 1277 di
435 1208 593 1290 cristiani,
618 1209 677 1276 che
697 1209 724 1275 ci
747 1230 821 1296 pare
838 1207 1052 1276 chiaramente
1067 1231 1243 1276 conoscere
1260 1211 1291 1275 in
1311 1222 1425 1298 questo
1440 1231 1485 1290 re,
1508 1207 1560 1276 del
1575 1207 1665 1297 quale

293 1315 432 1382 anchora
455 1315 511 1380 noi
534 1315 635 1380 siamo
660 1313 811 1381 diventati
834 1317 860 1380 sl
883 1312 1081 1396 inflammati,
1105 1314 1276 1402 parendoci
1293 1337 1355 1381 con
1372 1313 1503 1403 qualche
1520 1312 1610 1381 fatica
1626 1313 1665 1380 de

294 1420 323 1488 la
345 1442 482 1510 persona
505 1432 624 1503 nostra,
648 1419 761 1487 bench'
784 1443 802 1486 a
824 1420 879 1487 noi
903 1433 990 1508 grata
1013 1432 1044 1488 et
1067 1419 1243 1507 gioconda,
1277 1421 1371 1488 haver
1395 1422 1483 1509 quasi
1513 1419 1665 1487 concluso

295 1551 337 1594 un
360 1530 386 1593 si
409 1549 486 1615 gran
510 1524 602 1606 bene,
627 1548 721 1593 come
744 1526 817 1593 tutti
839 1524 974 1593 lisecoli
998 1528 1110 1615 passati
1127 1527 1235 1594 hanno
1252 1525 1441 1608 desiderato,
1465 1538 1497 1594 et
1512 1526 1590 1593 hora
1611 1549 1666 1614 per

295 1657 349 1701 sua
373 1656 498 1700 summa
520 1631 682 1719 benigniti
705 1631 744 1699 da
767 1632 832 1699 Dio
856 1656 874 1698 a
897 1635 952 1699 noi
976 1636 1195 1722 ripresentat0‚
1219 1658 1254 1700 se
1277 1634 1305 1700 la
1326 1656 1474 1721 sapremo
1495 1645 1665 1715 accettare;

295 1739 353 1807 che
377 1738 524 1806 habiarno
548 1739 645 1806 hauto
669 1762 747 1826 gran
771 1737 876 1826 voglia
900 1751 931 1807 et
953 1740 1041 1828 quasi
1057 1737 1228 1807 deliberato
1255 1742 1398 1807 metterci
1415 1741 1448 1807 in
1467 1740 1594 1807 camino
1610 1762 1666 1826 per

294 1846 403 1913 venire
427 1868 444 1912 a
466 1856 572 1912 trovar
595 1845 635 1911 V.
661 1845 706 1911 M.
736 1864 767 1912 et
795 1845 931 1933 portarle
962 1845 990 1912 le
1020 1845 1127 1912 buone
1156 1868 1256 1925 nove,
1286 1866 1317 1913 et
1345 1859 1433 1914 certo
1462 1845 1666 1913 l'havessimo

295 1950 384 2033 fatto,
408 1952 466 2017 che
491 1973 558 2017 non
582 1952 683 2017 siamo
707 1952 758 2038 git
781 1973 837 2038 per
860 1950 1017 2039 perdonar
1041 1975 1058 2018 a
1081 1951 1194 2019 fatiche
1219 1956 1260 2019 n¹e
1284 1951 1340 2019 alla
1356 1975 1493 2040 persona
1509 1962 1618 2018 nostra
1634 1953 1665 2016 in

296 2058 420 2146 eseguir
442 2055 470 2124 le
495 2079 570 2123 cose
593 2069 681 2143 grate
704 2079 721 2123 a
744 2056 819 2139 Dio,
843 2080 877 2123 se
901 2080 967 2123 non
991 2056 1050 2124 che
1073 2055 1246 2125 dubitando
1274 2058 1423 2148 alquanto
1452 2057 1483 2124 di
1512 2080 1579 2124 non
1602 2070 1667 2124 tro-

296 2186 349 2231 var
372 2163 503 2229 l’animo
528 2162 559 2229 di
583 2162 623 2228 V.
647 2162 692 2229 M.
717 2166 784 2230 cosl
807 2164 911 2230 sicuro
935 2181 967 2230 et
989 2163 1123 2231 risoluto
1143 2187 1237 2231 come
1261 2167 1316 2230 noi
1334 2164 1480 2231 habianao
1504 2162 1525 2229 il
1541 2175 1665 2244 nostro,

298 2269 437 2337 anchora
453 2269 512 2336 che
528 2281 638 2358 questa
653 2289 769 2336 venuta
785 2292 803 2336 a
826 2271 881 2337 noi
899 2269 984 2337 fusse
1000 2270 1135 2337 honesta
1151 2282 1183 2338 et
1195 2284 1282 2338 santa
1307 2283 1339 2338 et
1353 2294 1410 2358 per
1427 2269 1509 2337 darei
1527 2268 1665 2352 credito;

296 2399 364 2445 non
387 2374 526 2463 vogliam
542 2377 620 2462 perh
643 2398 699 2463 per
721 2375 742 2441 il
759 2388 871 2442 nostro
887 2378 1041 2465 acquistar
1056 2379 1254 2464 reputatione
1271 2388 1397 2464 portare
1414 2376 1545 2466 qualche
1562 2378 1665 2443 carico

296 2508 314 2550 a
336 2482 377 2549 V.
402 2482 458 2563 M,
482 2479 502 2547 il
526 2480 615 2570 quale
644 2480 673 2548 le
695 2484 801 2569 porria
824 2484 932 2549 venire
959 2505 1055 2570 grave
1078 2481 1194 2549 adosso
1226 2481 1277 2549 nel
1306 2483 1460 2570 opinione
1483 2481 1514 2548 di
1537 2493 1620 2549 tutto
1644 2480 1665 2547 il

296 2587 435 2669 mond0‚
466 2610 499 2653 se
530 2587 585 2674 poi
607 2586 636 2653 la
660 2610 726 2654 non
750 2586 868 2654 facesse
890 2600 974 2656 tutto
997 2586 1103 2677 quello
1132 2588 1191 2655 che
1219 2611 1274 2676 per
1296 2589 1405 2655 venire
1429 2611 1445 2655 a
1469 2591 1495 2654 sl
1522 2587 1666 2675 glorioso

299 2693 408 2761 efferto
432 2694 476 2759 sia
501 2694 691 2775 necessari0,
715 2712 747 2760 et
770 2717 825 2781 per
848 2706 938 2761 tanto
962 2693 1085 2760 habiam
1110 2693 1221 2763 voluto
1238 2695 1379 2762 rimetter
1403 2694 1424 2761 il
1447 2706 1531 2762 tutto
1555 2694 1583 2760 al
1599 2695 1667 2781 giu·

299 2800 382 2869 dicio
407 2812 438 2867 et
461 2797 687 2867 deliberatione
711 2799 742 2866 di
766 2800 877 2889 quella,
901 2800 1088 2889 aspettando
1111 2801 1256 2889 risposta,
1280 2800 1308 2868 la
1331 2800 1403 2890 qual
1419 2801 1459 2867 V.
1476 2800 1522 2867 Μ.
1544 2802 1569 2866 si
1593 2799 1669 2887 deg-

299 2910 373 2974 nara
396 2906 479 2973 darei
502 2917 605 2988 tost0,
637 2919 666 2973 et
689 2906 718 2972 la
741 2906 938 2994 preghiam0,
964 2907 1022 2974 che
1044 2907 1150 2994 voglia
1178 2919 1269 2974 tener
1291 2919 1401 2996 questa
1425 2919 1534 2974 nostra
1556 2904 1667 2973 lettera

298 3025 428 3095 secreta,
453 3024 485 3080 et
507 3013 609 3101 questi
632 3014 734 3079 nostri
757 3014 958 3101 pensamenti
982 3012 1098 3081 occulti
1121 3014 1173 3102 pin
1198 3013 1256 3081 che
1280 3015 1306 3080 si
1329 3016 1430 3102 potra.

405 3119 469 3185 Dio
498 3120 738 3205 omnipotente,
766 3117 865 3206 figliol
894 3120 1084 3202 Carissimo,
1118 3119 1227 3207 guardi
1256 3132 1287 3187 et
1314 3121 1460 3187 conservi
1491 3119 1530 3185 V.
1562 3118 1607 3184 M.
1638 3129 1670 3185 et

300 3225 387 3312 guidi
410 3223 430 3290 li
455 3225 555 3290 nostri
580 3235 612 3291 et
633 3227 703 3291 suoi
727 3226 807 3291 santi
833 3224 957 3313 disegni
980 3225 1008 3292 al
1031 3222 1210 3293 desiderato
1234 3224 1307 3293 fine.
