3836 5598
251 342 317 398 ¹529
335 324 500 399 September.
1556 312 1617 375 127

249 509 375 575 gerere,
404 488 485 554 sicut
513 484 714 574 optabamus,
743 483 1016 574 quemadmodum
1044 485 1161 553 nostris
1189 484 1403 574 compluribus
1433 498 1464 554 et
1490 497 1618 553 tuorum

248 595 343 661 etiam
367 604 530 660 oratorum
562 590 672 659 litteris
700 589 758 657 sibi
788 588 908 680 liquido
937 603 1138 679 perspectum
1167 589 1262 660 fuisse
1291 591 1463 674 credimus,
1492 604 1621 660 revocat

249 701 310 766 iam
334 697 454 766 dictum
483 696 672 766 cardinalem
700 695 739 764 ad
762 720 822 764 nos
851 719 917 764 non
947 697 1048 784 magis
1079 708 1187 764 nostra
1210 697 1372 781 voluntas,
1400 721 1494 787 quam
1522 698 1620 766 totius

249 806 411 873 Romanae
428 806 531 872 curiae
556 804 736 884 necessitas,
760 826 839 892 quae
864 802 931 870 talis
946 803 1005 871 viri
1020 800 1198 871 doctrinam
1224 816 1254 872 et
1273 806 1486 893 integritatem
1510 801 1620 872 iudicis

249 910 405 979 desiderat
435 923 466 978 et
493 934 510 977 a
538 908 630 977 nobis
663 912 814 996 exposcit.
860 909 976 977 Sumus
1007 907 1151 998 quidem,
1183 907 1240 990 fili,
1272 909 1304 975 in
1335 933 1370 976 ea
1393 910 1556 978 voluntate
1584 934 1619 978 ac

248 1039 373 1105 semper
397 1018 530 1098 erimus,
559 1030 682 1083 utnon
712 1014 812 1083 modo
836 1018 940 1104 ipsum
971 1014 1176 1095 cardinalem,
1208 1013 1263 1082 sed
1291 1038 1406 1084 omues
1435 1030 1563 1085 nostros
1587 1019 1619 1083 in

248 1123 337 1191 Tuae
354 1124 536 1191 Serenitatis
560 1122 689 1189 servitio
714 1134 746 1189 et
761 1120 943 1189 commodis
960 1122 1105 1208 occupari
1123 1119 1266 1203 velimus,
1290 1124 1317 1188 si
1332 1145 1462 1190 necesse
1486 1125 1540 1206 sit,
1563 1123 1620 1191 sed

247 1240 366 1310 tamen,
391 1252 463 1296 cum
488 1251 624 1317 persona
647 1227 721 1297 dicti
739 1226 902 1295 cardinalis
926 1229 987 1294 iam
1012 1228 1081 1295 istic
1105 1228 1237 1294 minime
1257 1246 1430 1318 contraque
1453 1228 1535 1319 apud
1559 1252 1620 1297 nos

248 1334 290 1402 ob
313 1333 456 1402 officium
484 1337 663 1424 signaturae
692 1335 827 1402 iustitiae
857 1353 887 1401 et
918 1333 1110 1422 singularem
1144 1332 1284 1400 hominis
1314 1335 1478 1401 scientiam
1508 1355 1539 1403 et
1568 1359 1620 1403 ex-

249 1441 433 1529 perientiam
450 1464 576 1509 summe
599 1442 639 1508 sit
654 1442 841 1523 necessaria,
865 1442 1020 1527 cupimus,
1044 1438 1131 1527 quod
1155 1461 1228 1506 cum
1252 1437 1336 1506 bona
1352 1439 1514 1509 voluntate
1530 1441 1620 1510 Sere·

248 1549 352 1615 nitatis
376 1547 466 1615 Tuae
489 1546 556 1628 fiat,
585 1571 659 1614 eum
683 1545 775 1614 nobis
800 1559 832 1613 et
855 1546 1019 1614 Romanae
1043 1547 1146 1612 curiae
1175 1543 1323 1628 reddere,
1350 1557 1538 1637 gratumque
1562 1550 1621 1615 erit

248 1653 356 1736 nobis,
385 1655 410 1720 si
434 1667 468 1721 ut
491 1675 669 1742 speramus,
697 1665 788 1741 grato
817 1654 925 1719 animo
950 1663 981 1719 et
1003 1650 1112 1719 libenti
1135 1651 1297 1719 voluntate
1326 1650 1364 1718 ad
1388 1675 1448 1719 nos
1477 1676 1550 1720 eum
1575 1654 1620 1723 di-

248 1762 380 1828 miseris.
426 1760 471 1827 Ex
495 1782 559 1849 quo
583 1761 677 1827 etiam
702 1758 825 1847 plenius
849 1759 926 1826 haec
949 1759 1015 1846 ipsa
1038 1756 1205 1845 intelliges.

352 1884 471 1951 Datum
495 1884 628 1966 Romae,
651 1905 682 1969 4.
707 1880 900 1970 Septembris
928 1902 1020 1968 1529.
1067 1884 1165 1949 Anno
1189 1900 1290 1949 sexto.

1380 1970 1512 2039 Blosius.

324 2167 502 2234 Clemens
522 2166 592 2233 VII.
616 2188 655 2232 au
679 2163 826 2232 Kardinal
851 2163 1015 2254 Wolsey.
1062 2165 1158 2247 Rom,
1182 2190 1212 2252 4.
1237 2165 1424 2254 September
1451 2186 1486 2251 15
1514 2186 1544 2251 9.

357 2325 539 2380 Wiederholter
558 2324 691 2378 Ausdrack
713 2325 755 2377 des
778 2325 932 2390 Bedauerns,
955 2325 1013 2392 dass
1036 2342 1063 2376 er
1086 2332 1152 2393 trotq
1171 2327 1250 2379 seinos
1273 2325 1466 2396 aufrichtigsten
1488 2326 1621 2381 Wunsches

248 2416 304 2468 darn
321 2414 463 2485 Verlongen
486 2415 528 2467 des
546 2412 647 2483 Konigs
664 2413 717 2466 und
740 2412 848 2484 Wolseys
871 2412 938 2466 nicht
957 2412 1121 2484 entsprecben,
1146 2413 1270 2467 vielmehr
1288 2431 1318 2483 qu
1336 2414 1383 2467 der
1402 2414 1560 2469 Revoltotion
1578 2417 1621 2470 des

248 2501 372 2573 Roqesses
394 2503 456 2556 habe
473 2502 595 2557 schreiten
618 2508 722 2556 missen.
760 2500 798 2554 Er
816 2501 877 2573 hege
894 2519 925 2570 qu
943 2501 1030 2554 beiden
1053 2502 1100 2554 dar
1116 2501 1265 2567 Vertrauen,
1287 2502 1347 2570 dass
1365 2501 1419 2555 ihre
1441 2502 1522 2558 Treue
1537 2521 1619 2575 gagen

249 2590 342 2645 Kirche
364 2591 418 2645 und
436 2591 511 2663 Papst
534 2589 649 2644 dodurch
666 2591 738 2643 hcine
757 2578 899 2659 daderung
922 2589 1033 2642 erleiden
1057 2590 1149 2642 werde.
1189 2589 1226 2642 Im
1250 2590 1356 2662 ribrigett
1376 2591 1491 2661 gleichrn
1512 2591 1621 2647 Inbelles

249 2682 295 2732 mit
313 2680 369 2733 dem
391 2680 619 2749 vorhergrbenden.

672 2802 873 2870 Eboracensi.

354 2927 416 2995 Dil.
440 2926 494 2995 fili.
540 2928 627 2996 Nihil
650 2950 726 2994 sane
750 2946 808 3009 est,
832 2928 912 2993 sicut
928 2926 1018 2994 Tuae
1035 2926 1323 3014 Circumspectioni
1346 2950 1531 3016 persuasum
1555 2951 1621 2997 cre·

250 3033 363 3117 dimus,
387 3032 474 3124 quod
498 3056 565 3102 non
588 3035 676 3101 istius
697 3033 810 3101 Sermi.
834 3033 918 3121 regis
942 3044 973 3101 et
996 3044 1164 3104 tuacausa
1187 3030 1289 3100 facere
1313 3055 1374 3100 nos
1398 3056 1492 3121 posse
1517 3036 1621 3123 cupia-

249 3162 329 3206 mus.
368 3139 414 3207 Ita
438 3141 524 3207 enim
552 3151 584 3208 et
612 3139 832 3208 benevolentia
856 3140 889 3206 in
916 3161 974 3206 vos
1004 3151 1113 3206 nostra
1137 3150 1168 3207 et
1194 3140 1306 3208 merita
1329 3162 1403 3227 erga
1430 3163 1491 3208 uos
1518 3152 1621 3208 vestra

249 3246 390 3333 exigunt.
435 3247 484 3313 Ac
507 3248 533 3313 si
556 3257 664 3313 nostra
688 3246 719 3312 in
744 3263 913 3334 utrumque
929 3256 1070 3313 vestrum
1093 3268 1220 3334 semper
1243 3258 1348 3335 parata
1370 3245 1516 3315 voluntas
1539 3269 1621 3314 non·

250 3349 325 3419 dum
350 3350 455 3420 officia
478 3365 510 3420 et
532 3350 686 3420 beneficia
701 3363 806 3420 vestra
829 3352 1023 3440 exaequavit,
1046 3350 1198 3440 quidquid
1217 3370 1302 3419 certe
1325 3353 1358 3419 in
1375 3351 1489 3420 effectu
1512 3350 1620 3435 defuit,

249 3458 412 3525 inanimo
437 3470 468 3526 et
490 3457 648 3526 desiderio
672 3468 785 3526 nostro
809 3455 977 3545 superfuit,
1001 3475 1035 3523 ut
1057 3479 1183 3544 semper
1207 3455 1356 3524 omnibus
1379 3459 1490 3524 vestris
1513 3470 1621 3545 postu-

248 3562 316 3631 latis
339 3563 432 3652 plene
455 3563 633 3633 satisfacere
658 3586 856 3652 cuperemus.
903 3563 1042 3645 Quoties
1065 3585 1153 3645 vero,
1179 3561 1234 3630 filii
1257 3565 1369 3645 nostri,
1393 3565 1508 3646 evenit,
1533 3576 1567 3632 ut
1590 3565 1621 3632 id

249 3681 404 3756 praestare
428 3694 654 3760 sequeremus‚
679 3673 720 3738 ita
743 3670 904 3736 existimes
927 3669 1089 3749 volumus,
1120 3690 1187 3734 non
1211 3669 1317 3734 minus
1340 3667 1371 3736 id
1394 3667 1501 3751 nobis,
1525 3694 1619 3759 quam

249 3778 372 3865 utrique
401 3790 544 3846 vestrum
576 3776 804 3865 permolestum
836 3774 1002 3856 accidisse,
1034 3775 1115 3845 sicut
1149 3773 1212 3840 hoc
1242 3770 1281 3841 de
1312 3775 1500 3846 avocatione
1532 3779 1622 3845 istius

249 3904 374 3964 causae,
404 3906 497 3971 quam
528 3884 715 3951 necessitate
744 3880 900 3969 compulsi
928 3878 1048 3948 dudum
1079 3879 1228 3961 fecimus,
1259 3879 1464 3968 peracerbum
1492 3882 1622 3971 quidem

249 3986 341 4054 nobis
364 3985 431 4054 fuit.
478 3988 525 4055 Ac
549 3988 608 4054 nisi
632 3988 665 4053 in
688 3986 829 4054 bonitate
854 4005 884 4054 et
907 3986 1150 4075 aequanimitate
1173 3985 1270 4073 ipsius
1293 3986 1377 4073 regis
1399 3997 1515 4076 tuaque
1538 3987 1621 4077 apud

249 4092 335 4161 illum
360 4116 456 4182 opera
480 4091 726 4175 confideremus,
754 4092 831 4160 boni
854 4093 1007 4182 aequique
1032 4092 1098 4160 eius
1113 4092 1321 4159 Serenitatem
1347 4093 1572 4176 consulturam,
1595 4096 1621 4162 si

249 4199 324 4289 quid
347 4200 462 4267 iustitia
489 4223 507 4265 a
530 4197 622 4266 nobis
652 4199 798 4280 extorsit,
827 4199 960 4287 amplius
990 4196 1118 4288 quidem
1148 4196 1344 4282 doleremus3
1378 4222 1463 4267 nunc
1490 4219 1537 4282 te,
1567 4199 1621 4283 fili,

249 4329 411 4395 speramus
440 4318 471 4373 et
495 4318 656 4394 optamus,
686 4303 824 4373 eundem
849 4328 924 4393 erga
951 4327 1011 4372 nos
1041 4306 1073 4372 in
1098 4305 1160 4372 hoc
1184 4328 1279 4394 quam
1306 4307 1338 4372 iu
1362 4307 1475 4373 ceteris
1504 4308 1621 4373 nostris
1713 4302 1717 4309 ⁴

250 4411 341 4480 rebus
364 4411 448 4495 fore,
476 4424 568 4502 atque
592 4436 609 4479 a
632 4432 663 4479 te
687 4434 745 4500 pro
769 4424 882 4479 nostro
912 4413 944 4478 in
967 4424 999 4479 te
1022 4434 1133 4478 amore
1161 4412 1314 4499 petimus,
1342 4423 1376 4478 ut
1401 4423 1431 4479 et
1462 4422 1493 4478 te
1516 4412 1620 4499 ipsum

250 4530 280 4586 et
303 4517 423 4587 dictum
446 4542 556 4607 regem
585 4520 617 4585 in
641 4518 771 4606 pristina
798 4540 872 4605 erga
896 4539 956 4584 uos
980 4515 1202 4585 benevolentia
1225 4539 1410 4598 conserves,
1439 4516 1525 4605 quod
1549 4540 1566 4583 a
1589 4537 1621 4585 te

250 4622 382 4693 firmiter
395 4637 617 4713 expectamus.
658 4624 742 4691 Cum
759 4646 836 4692 vero
861 4625 922 4690 iam
940 4624 1008 4690 istic
1032 4645 1167 4711 persona
1191 4621 1243 4690 dil.
1260 4621 1315 4689 filii
1337 4623 1438 4689 nostri
1458 4620 1621 4690 cardinalis

251 4731 419 4820 Campegii
433 4734 549 4814 minus,
574 4730 667 4798 nobis
685 4754 763 4799 vero
786 4730 1019 4818 pernecessaria
1043 4730 1092 4797 hic
1111 4729 1161 4810 sit,
1185 4729 1266 4796 sicut
1282 4727 1533 4816 Circumspectio
1550 4728 1622 4796 Tua

250 4836 337 4906 facile
360 4849 467 4926 potest
490 4838 678 4919 existimare,
703 4838 847 4926 cupimus
871 4859 945 4904 eum
969 4854 1001 4905 et
1023 4858 1082 4904 suo
1102 4836 1226 4903 muneri
1250 4836 1282 4901 in
1306 4836 1464 4925 signatura
1486 4836 1621 4903 iustitiae

252 4956 282 5024 et
304 4945 387 5011 votis
404 4943 567 5012 Romanae
591 4944 695 5010 curiae
712 4966 786 5009 eum
809 4944 1003 5009 incessanter
1019 4939 1264 5028 deposcentibus
1287 4939 1421 5009 reddere
1436 4941 1530 5031 idque
1547 4965 1623 5011 cum
