3836 5598
1509 325 1559 394 Juti
1582 341 1658 393 ¹530·

391 487 448 541 hler
473 487 650 558 mitgeteilteu
668 488 816 559 Vorgange
841 488 900 551 hin,
924 504 969 540 um
995 487 1046 540 den
1065 485 1196 540 Vorwurt'
1217 486 1264 540 der
1286 485 1484 557 AbhingIglreit
1509 486 1562 539 und
1580 484 1657 539 Will-

391 575 532 646 sthriglreit
551 576 598 630 des
611 576 722 647 Papstes
741 592 831 647 gegen
847 576 909 629 Karl
923 576 954 628 V.
975 593 1007 628 zu
1025 574 1182 629 entkratten.
1219 574 1314 645 Spater
1328 573 1521 628 wiederholten
1540 574 1597 627 sich
1614 573 1658 627 dle

392 664 496 736 Klagen
520 664 567 717 des
591 664 698 718 KaIsers
721 664 793 718 noch
816 663 963 719 mehrsach.
985 695 1015 703 —-
1036 664 1138 717 Sowcit
1161 663 1203 716 die
1227 663 1371 734 Depesche
1389 680 1453 717 vom
1476 662 1518 718 26.
1537 663 1597 733 Juni
1615 661 1657 716 die

391 753 528 823 englische
548 752 633 823 Frage
651 753 802 821 behandett,
822 755 855 806 ist
874 755 912 806 sie
932 752 974 806 die
988 752 1114 806 Antwort
1132 751 1180 805 auf
1194 751 1237 805 die
1254 751 1494 822 vorhergehenden
1513 751 1657 805 Schreilmn

390 841 511 895 Saleatis
530 857 595 894 vom
616 856 665 907 14,
685 841 768 895 bezw.
791 857 813 910 5.
832 842 900 912 Juni.

939 1089 1004 1174 SI).

448 1248 628 1315 Clemens
647 1250 716 1315 VII.
742 1271 781 1315 an
805 1249 988 1316 Heinrich
1009 1249 1091 1315 VIII.
1138 1249 1234 1329 Rom,
1258 1270 1288 1332 9.
1310 1247 1373 1332 -Juli
1401 1268 1493 1333 1530.

391 1407 511 1477 Sarrdung
533 1408 575 1460 des
593 1408 646 1475 Joh.
668 1408 793 1460 Antonius
813 1408 907 1471 Pulle⁰,
931 1409 1031 1461 Barous
1049 1427 1100 1460 uon
1120 1409 1228 1479 Burgio,
1251 1409 1289 1460 uls
1310 1408 1422 1460 Nuntius
1445 1407 1508 1460 uach
1528 1407 1658 1477 England,

284 1514 326 1548 utu
344 1497 401 1548 dem
421 1495 508 1567 Konig
531 1497 572 1548 dia
593 1495 721 1566 Grfahren
745 1497 791 1548 der
812 1496 978 1549 Christenheit
1000 1496 1080 1549 durch
1102 1497 1145 1549 die
1166 1496 1306 1550 trtrlriscben
1327 1496 1473 1565 thstungen
1496 1496 1656 1564 darquIegeu.

284 1584 373 1637 Dahrr
392 1584 588 1655 Beglaubigung
598 1585 650 1654 frtr
668 1585 735 1637 dirse
753 1585 807 1636 und
825 1585 919 1637 andere
939 1584 1174 1656 Angrlegeuber'ten.

707 1726 788 1813 Regi
811 1724 956 1814 Angliae.

390 1849 570 1916 Carissime.
610 1851 698 1918 Licet
721 1852 902 1938 nuperrime
926 1849 1106 1917 dederimus
1130 1850 1246 1917 litteras
1270 1849 1308 1917 ad
1325 1850 1533 1916 Serenitatem
1551 1848 1655 1915 Tuam

285 1977 378 2042 super
400 1956 498 2022 totius
523 1956 753 2023 christianitatis
782 1956 928 2043 periculis
956 1956 994 2023 ab
1017 1957 1250 2023 immanissimo
1274 1955 1380 2023 Turca
1407 1954 1657 2036 imminentibus,

285 2058 371 2148 quod
401 2059 542 2128 officium
576 2064 669 2129 etiam
704 2086 775 2129 cum
807 2064 919 2129 ceteris
951 2062 1127 2129 christianis
1160 2060 1352 2151 principibus
1383 2063 1505 2129 executi
1537 2085 1657 2141 sumuS,

284 2180 391 2234 tamen
416 2165 565 2235 effluente
588 2168 704 2235 indies
727 2181 874 2257 tempore
896 2181 927 2236 et
943 2170 1061 2236 nuntiis
1085 2192 1123 2235 ex
1147 2171 1271 2236 oriente
1293 2167 1409 2235 famam
1434 2169 1563 2235 maximi
1587 2167 1657 2234 belli

286 2292 317 2340 et
341 2292 503 2361 apparatus
528 2274 649 2341 hostilis
673 2298 739 2341 non
764 2275 868 2342 solum
886 2275 1158 2357 confirmantibus,
1182 2275 1238 2343 sed
1257 2274 1454 2363 augentibus,
1478 2273 1657 2342 faciendum

286 2380 378 2447 nobis
402 2378 559 2462 duximus
589 2400 622 2448 ut
646 2405 704 2469 pro
733 2382 861 2470 periculi
890 2382 1108 2469 magnitudine
1137 2395 1168 2449 et
1191 2383 1424 2471 propinquitate
1453 2381 1562 2450 litteris
1590 2406 1657 2448 non

286 2488 429 2553 contenti
457 2510 512 2575 per
541 2491 670 2556 nuntios
702 2490 795 2555 etiam
827 2502 955 2556 nostros
985 2488 1065 2555 hanc
1093 2512 1160 2556 rem
1193 2512 1388 2576 urgeremus.
1435 2489 1543 2578 Itaque
1571 2487 1657 2577 quod

286 2592 493 2660 Serenitatem
517 2593 623 2661 Tuam
653 2596 734 2662 inter
766 2593 897 2662 eosdem
931 2597 1088 2684 principes
1118 2608 1255 2684 spectata
1287 2594 1450 2682 religionis
1482 2596 1596 2662 virtute
1628 2608 1658 2660 et

286 2701 470 2767 auctoritate
495 2702 699 2789 conspicuam
723 2700 907 2769 videbamus
935 2703 967 2767 in
992 2724 1090 2790 eaque
1119 2724 1208 2790 spem
1234 2724 1383 2788 magnam
1412 2702 1504 2767 huius
1534 2702 1603 2789 piae
1628 2713 1658 2768 et

286 2804 425 2872 salutaris
442 2803 637 2873 defensionis
661 2809 742 2876 inter
759 2820 882 2875 ceteros
903 2810 1060 2896 principes
1080 2807 1323 2896 reponebamus,
1347 2807 1385 2874 ad
1402 2832 1471 2874 eam
1489 2806 1541 2875 dil.
1559 2805 1657 2873 hlium

287 2912 464 2978 Antonium
497 2912 683 2980 Pulleonem
719 2913 871 2980 baronem
907 2915 1012 3002 Burgii
1048 2917 1194 2982 nuntium
1230 2926 1375 2981 nostrum
1412 2912 1554 2981 doctrina
1588 2936 1659 3001 pru-

288 3016 455 3105 dentiaque
479 3041 533 3084 sua
562 3018 653 3086 nobis
677 3021 844 3107 probatum
870 3022 1042 3111 animoque
1066 3034 1098 3089 et
1120 3044 1239 3108 genere
1263 3019 1419 3102 nobilem,
1451 3021 1538 3088 cuius
1563 3036 1668 3107 opera

288 3124 319 3188 in
343 3122 409 3189 aliis
425 3124 517 3190 huius
541 3137 665 3192 sanctae
681 3126 771 3193 Sedis
795 3126 1005 3215 legationibus
1029 3129 1075 3194 usi
1092 3152 1211 3209 sumus,
1236 3127 1426 3195 mittendum
1445 3128 1602 3209 duximus,
1626 3138 1659 3193 ut

288 3251 343 3315 per
367 3253 440 3296 eum
464 3230 555 3297 latius
579 3244 609 3299 et
626 3230 767 3299 diffusius
792 3235 868 3300 haec
893 3246 923 3301 et
943 3234 1095 3301 nonnulla
1118 3235 1175 3300 alia
1199 3232 1238 3301 ad
1254 3233 1503 3301 sublevationem
1528 3231 1660 3300 afflictae

289 3335 519 3402 christianitatis
550 3339 739 3424 pertinentia
761 3338 852 3407 Tuae
884 3341 1051 3408 Serenitati
1082 3339 1342 3427 significaremus.
1390 3341 1498 3422 Quam
1531 3339 1659 3429 quidem

289 3442 493 3510 exhortamur
516 3444 548 3508 in
573 3445 718 3511 Domino
743 3464 773 3512 et
798 3468 856 3534 pro
880 3466 987 3514 nostra
1011 3449 1043 3512 in
1068 3470 1138 3514 eam
1166 3448 1264 3514 veteri
1288 3447 1510 3514 benevolentia
1534 3458 1565 3514 et
1584 3469 1661 3513 con-

288 3549 451 3616 iunctione
479 3552 677 3638 requirimus,
708 3565 741 3620 ut
772 3555 874 3641 ipsum
905 3554 1081 3620 Iohannem
1113 3554 1292 3620 Antonium
1325 3554 1470 3620 nuntium
1503 3565 1660 3633 nostrum,

289 3656 368 3721 sicut
386 3677 499 3722 omnes
524 3669 652 3724 nostros
676 3658 767 3725 solita
790 3673 847 3741 est,
871 3657 1008 3747 benigne
1033 3661 1190 3747 suscipere
1214 3659 1384 3748 audireque
1400 3658 1475 3725 velit
1498 3682 1533 3726 ac
1557 3660 1588 3724 in
1613 3659 1661 3724 his

291 3760 439 3828 omnibus
464 3775 495 3829 et
519 3764 755 3854 quibuscunque
771 3765 861 3832 Tuae
885 3766 1051 3833 Serenitati
1077 3785 1188 3833 nostro
1212 3767 1345 3833 nomine
1368 3764 1540 3832 referendis
1563 3763 1659 3832 fidem

292 3864 451 3934 indubiam
476 3891 560 3935 nunc
585 3883 615 3936 et
639 3873 786 3959 quotiens
811 3872 958 3939 acciderit
982 3872 1105 3939 habere.

396 3990 515 4059 Datum
539 3994 672 4077 Romae,
698 4016 727 4080 9.
751 3996 819 4062 Iulii
847 4018 859 4062 1
867 4017 882 4081 5
890 4017 939 4083 30.
983 3999 1083 4063 'Anno
1107 3998 1254 4084 septimo.

1422 4084 1556 4152 Blosius.

503 4241 578 4294 Brev.
598 4243 661 4295 min.
682 4242 722 4296 Cl.
736 4243 794 4297 VII.
815 4243 867 4297 vol.
890 4259 928 4312 31,
948 4260 974 4297 n.
995 4243 1054 4313 267.
1090 4243 1150 4313 Joh.
1170 4243 1232 4298 Ant.
1252 4243 1353 4309 Pulle0,
1376 4244 1463 4297 Baton
1483 4261 1536 4297 von
1555 4244 1662 4315 Burgi0,

397 4348 453 4383 war
473 4331 515 4383 eiu
532 4329 675 4395 Sieilianer‚
695 4340 744 4384 trat
764 4340 840 4385 unter
853 4331 967 4386 Hadrian
983 4332 1027 4385 VI.
1048 4333 1073 4384 in
1093 4332 1144 4385 den
1157 4332 1253 4385 Dienst
1272 4333 1318 4386 der
1331 4332 1411 4385 Kurie
1431 4333 1474 4385 ein
1493 4332 1547 4385 und
1565 4331 1662 4385 behlei-

398 4418 459 4472 dete
477 4420 503 4472 iu
523 4419 573 4472 den
593 4420 879 4490 Jahren1523—1526
898 4421 940 4474 die
955 4420 1076 4491 Stellung
1095 4422 1167 4474 eines
1187 4421 1352 4490 ptpstlichen
1373 4420 1486 4474 Nuntius
1505 4422 1532 4474 in
1544 4421 1662 4492 ngarn.

399 4508 428 4560 In
448 4507 535 4561 elnem
550 4508 634 4561 Breve
648 4525 711 4561 vom
727 4525 748 4561 r.
762 4509 813 4579 Juli
829 4524 896 4578 1530
915 4509 1002 4575 (Brev.
1017 4510 1079 4562 min.
1096 4510 1148 4563 vol.
1165 4513 1207 4579 31)
1228 4509 1314 4563 erteilt
1327 4510 1383 4562 ihm
1401 4509 1448 4562 der
1460 4510 1541 4579 Papst
1560 4509 1664 4579 grosses

399 4596 457 4650 Lob
475 4613 573 4667 wegen
597 4598 684 4650 dieser
706 4597 855 4651 Nuntiatur.
893 4597 984 4668 Vergl.
1008 4597 1128 4652 Monam.
1143 4598 1226 4653 Vatic.
1246 4598 1389 4651 Historiam
1414 4599 1490 4669 regni
1513 4597 1664 4668 Hungariae

399 4684 477 4739 illust.
496 4685 550 4738 Ser.
572 4686 603 4739 II.
624 4684 703 4739 Tom.
724 4686 743 4738 I.
772 4685 924 4756 Einleitung
942 4701 995 4741 von
1014 4684 1133 4753 Fralrnoi,
1153 4704 1177 4757 p.
1198 4686 1321 4740 XXVIII.
1353 4686 1432 4740 Scine
1451 4686 1578 4757 Seudung
1596 4687 1665 4740 nach

400 4773 521 4844 England
547 4774 619 4827 hatte
645 4775 722 4827 einen
749 4774 800 4826 viel
826 4773 1057 4844 ausgedehnteren
1082 4774 1185 4840 Zweck‚
1212 4774 1250 4826 als
1277 4773 1322 4827 das
1348 4774 1432 4827 Breve
1458 4774 1566 4845 besagt;
1595 4773 1665 4828 deon

399 4862 498 4932 Burgio
517 4862 586 4915 bIIeb
611 4863 637 4915 in
655 4861 777 4933 England
801 4862 840 4915 bis
859 4863 885 4915 in
904 4862 955 4915 den
974 4861 1025 4932 Juli
1047 4877 1121 4932 1533,
1144 4863 1168 4916 d.
1188 4862 1213 4916 h.
1234 4878 1265 4915 so
1286 4861 1366 4932 lange
1390 4862 1460 4914 noch
1485 4861 1553 4915 eben
1577 4862 1665 4932 einige

400 4948 538 5020 Hoffnung
557 4967 620 5015 war,
640 4949 694 5003 dass
714 4950 839 5003 Heinrich
853 4950 923 5004 VIII.
940 4951 1070 5004 Ventunlt
1090 4952 1240 5004 annehmen
1260 4949 1325 5002 oder
1344 4950 1507 5019 wenigstens
1527 4950 1574 5002 mit
1587 4951 1665 5003 Anna
