3802 5606
954 630 1032 712 111.

381 829 432 893 An
457 825 701 914 Castiglione
725 826 757 891 in
781 825 929 913 Spanien.
977 824 1190 912 Compiegne,
1219 827 1266 891 18.
1290 823 1477 913 September
1505 844 1539 909 15
1567 845 1596 910 7.

410 1019 513 1074 Atreise
530 1020 646 1090 Wolseys.
679 1020 773 1073 Dessen
788 1018 920 1072 Absichtcn
938 1020 989 1090 aas
1002 1020 1049 1072 das
1066 1017 1184 1071 Vikariat
1201 1017 1324 1071 wahrend
1341 1018 1388 1070 der
1403 1017 1616 1089 Gesangenschast
1633 1019 1677 1071 des

303 1107 410 1180 Papstes.
449 1108 682 1180 Entschuldigung,
704 1108 764 1177 dass
784 1107 898 1162 Salviati
919 1108 990 1161 selbst
1013 1107 1064 1160 sich
1086 1107 1143 1159 dem
1169 1105 1279 1159 Proteste
1302 1106 1349 1159 der
1367 1107 1408 1176 (4)
1429 1106 1574 1160 Kardiadle
1596 1124 1675 1177 ange·

302 1197 423 1251 schlossen
441 1198 491 1251 hat.
529 1196 762 1268 Herrschsa'cchtiges
779 1195 868 1250 Wesen
886 1196 995 1267 Wolseys
1013 1197 1066 1248 und
1083 1195 1223 1265 Amahung
1237 1194 1391 1267 papstlicher
1411 1194 1499 1249 Rechte
1515 1194 1595 1248 durch
1613 1195 1675 1246 den-

302 1286 383 1339 111111
402 1288 430 1339 in
449 1286 586 1357 Erteilung
603 1287 650 1339 der
669 1285 940 1355 Kardiualsinsignien
959 1302 993 1338 an
1013 1285 1126 1353 Kanqler
1144 1284 1188 1337 Du
1209 1283 1277 1337 Prot.

408 1465 492 1531 Parti
515 1463 583 1530 hier
606 1462 736 1529 mattina
760 1460 780 1527 il
802 1461 898 1529 Rm0.
917 1459 1127 1542 Eboracense,
1155 1460 1174 1527 il
1199 1459 1290 1549 quale
1311 1459 1350 1527 ha
1371 1460 1489 1529 havuto
1510 1459 1548 1527 da
1565 1479 1675 1549 questa

303 1571 424 1638 Maesti
441 1568 587 1637 Cristma.
611 1579 702 1636 tanto
726 1567 862 1649 honore,
886 1569 962 1634 tanti
987 1567 1126 1655 presenti
1151 1579 1181 1633 et
1204 1578 1291 1634 tante
1307 1588 1442 1648 carezze,
1467 1566 1525 1634 che
1549 1589 1616 1633 non
1633 1590 1674 1633 ne

303 1677 406 1765 potria
430 1676 524 1742 haver
548 1672 726 1742 desiderato
750 1675 814 1762 pit,
839 1687 870 1741 et
892 1697 969 1741 sene
985 1686 1078 1741 torna
1102 1673 1204 1740 molto
1221 1671 1282 1740 ben
1300 1672 1462 1740 satissatto.
1498 1674 1547 1739 Ha
1562 1672 1674 1740 voluto

302 1785 335 1850 in
359 1795 469 1872 questa
490 1792 639 1870 partenza
661 1778 707 1847 far
730 1778 829 1847 molte
859 1803 934 1847 cose
958 1792 989 1847 et
1017 1777 1063 1846 fra
1086 1778 1115 1846 le
1138 1778 1215 1846 altre
1243 1802 1305 1846 una
1334 1779 1563 1867 protestatione
1591 1802 1609 1845 a
1630 1779 1673 1846 N.

303 1890 438 1977 Signore
462 1889 494 1955 in
511 1910 609 1955 nome
633 1886 672 1954 de
690 1884 847 1967 cardinali,
873 1908 974 1953 erono
992 1887 1055 1975 qui,
1080 1898 1111 1953 et
1134 1883 1207 1953 delli
1230 1885 1309 1967 altri,
1334 1886 1393 1952 che
1409 1908 1493 1951 sono
1517 1886 1549 1951 in
1565 1884 1675 1952 liberta

303 2019 320 2062 e
345 1993 426 2084 quali
449 2017 557 2083 pensa,
580 1993 609 2060 la
632 1991 770 2060 habbino
794 2015 811 2058 a
834 1990 997 2072 ratificare,
1022 1991 1081 2058 che
1104 1991 1166 2058 Sua
1189 1991 1309 2059 81111111
1332 2014 1399 2057 non
1424 2015 1518 2079 possa
1534 2013 1555 2056 0
1573 1990 1674 2059 debba

302 2100 417 2168 alienar
440 2112 523 2167 terre
548 2122 568 2166 o
592 2100 662 2167 stati
686 2097 766 2166 della
790 2098 909 2179 chiesa,
938 2110 969 2165 et
993 2097 1051 2165 che
1075 2096 1265 2166 alienandoli
1294 2100 1362 2164 sara
1389 2108 1501 2165 tenuto
1526 2119 1582 2185 per
1605 2119 1673 2163 non

301 2204 391 2288 fatto,
416 2218 448 2273 et
471 2206 530 2273 che
553 2205 668 2274 stando
691 2206 724 2272 in
747 2205 893 2293 captivith
922 2227 987 2271 non
1013 2206 1100 2293 possi
1125 2227 1230 2272 creare
1253 2203 1400 2271 cardinali
1429 2227 1486 2291 per
1513 2202 1632 2270 satisfar
1656 2227 1674 2270 a

302 2312 353 2380 chi
375 2311 407 2380 lo
431 2313 497 2380 tien
521 2324 695 2393 carcerato,
725 2324 757 2379 et
785 2310 961 2394 creandoli,
990 2311 1049 2378 che
1073 2334 1139 2377 non
1168 2333 1304 2377 saranno
1328 2311 1488 2392 accettati,
1516 2313 1582 2377 cosl
1614 2309 1674 2377 che

302 2416 461 2485 morendo
481 2416 543 2486 Sua
560 2416 756 2485 Beatitudine
780 2418 812 2484 in
836 2440 971 2499 carcere,
995 2415 1016 2482 li
1040 2415 1186 2485 cardinali
1210 2416 1352 2484 detenuti
1367 2440 1435 2484 non
1451 2417 1583 2505 possino
1598 2439 1673 2504 pro-

302 2524 395 2592 ceder
418 2523 455 2593 ad
479 2523 589 2591 alcuna
612 2523 780 2606 electione,
803 2547 837 2591 se
861 2547 928 2590 non
952 2546 1105 2611 vengono
1133 2525 1166 2590 in
1189 2523 1289 2610 luogo
1312 2521 1412 2591 libero
1437 2535 1468 2590 et
1490 2521 1573 2590 dove
1597 2524 1673 2590 cias-

302 2653 385 2698 cuno
410 2653 503 2718 possa
526 2632 736 2698 sicuramente
759 2620 895 2713 a'ndarci,
920 2641 951 2696 et
974 2628 1193 2697 ultimamente
1221 2628 1280 2696 che
1303 2629 1366 2697 Sua
1388 2630 1509 2697 51111111
1531 2652 1673 2718 provega

301 2761 357 2825 per
381 2736 512 2826 qualche
534 2736 600 2818 via,
632 2737 690 2804 che
712 2736 741 2803 le
766 2735 960 2824 expeditioni
984 2734 1015 2803 di
1038 2737 1140 2825 questi
1163 2737 1253 2824 regni
1277 2738 1303 2801 si
1327 2736 1459 2822 possino
1486 2734 1550 2802 fare
1578 2758 1672 2801 senza

227 2858 231 2869 '
301 2841 462 2910 mandarle
485 2866 503 2909 a
526 2843 640 2925 Roma,
663 2842 780 2931 perche
803 2843 905 2931 questi
929 2839 981 2908 dui
1005 2843 1138 2930 principi
1161 2864 1229 2908 non
1249 2841 1406 2929 voglono,
1430 2842 1488 2909 che
1511 2840 1540 2907 la
1563 2839 1672 2923 1111111,

301 2973 335 3017 se
358 2973 399 3016 ne
423 2972 508 3031 cava,
532 2972 635 3037 venga
658 2950 690 3015 in
714 2947 845 3037 profitto
870 2961 902 3016 et
925 2950 1010 3016 mani
1034 2947 1065 3015 di
1088 2948 1139 3015 chi
1161 2947 1194 3015 lo
1212 2949 1278 3015 tien
1303 2948 1459 3037 prigione.

407 3073 525 3140 Vostra
540 3072 687 3160 Signoria
708 3071 788 3139 vede
812 3070 969 3161 adunque,
992 3072 1051 3139 che
1074 3071 1248 3160 preambuli
1271 3094 1355 3139 sono
1379 3072 1481 3161 questi
1503 3094 1522 3139 a
1545 3070 1672 3139 levarla

302 3177 482 3246 obedientia
505 3176 562 3245 3113
585 3178 699 3259 chiesa,
716 3190 748 3245 et
764 3177 794 3244 di
811 3190 931 3268 quanto
947 3178 1029 3245 male
1046 3177 1086 3246 da
1100 3202 1144 3245 un
1160 3176 1244 3245 simil
1259 3178 1415 3267 principio
1432 3179 1458 3245 si
1474 3180 1538 3267 pul)
1557 3190 1670 3245 temer.

300 3283 458 3352 Potrebbe
481 3281 562 3353 dire:
586 3297 620 3352 tu
643 3282 716 3352 l’hai
738 3285 969 3365 acconsentito,
993 3283 1014 3351 il
1038 3285 1097 3352 che
1121 3288 1138 3351 ὲ
1161 3307 1250 3367 vem,
1274 3307 1326 3351 nra
1348 3283 1415 3351 l'ho
1430 3282 1509 3352 fatto
1529 3307 1586 3373 per
1601 3307 1670 3351 non

301 3392 443 3458 incurret
465 3391 498 3458 in
522 3392 669 3479 maggior
693 3412 780 3457 error
810 3403 841 3458 et
863 3413 920 3479 per
944 3403 1058 3459 metter
1089 3403 1201 3479 tempo
1224 3393 1256 3458 in
1281 3413 1391 3458 mezzo
1419 3389 1440 3457 il
1468 3391 1522 3479 piu
1550 3389 1609 3458 che
1637 3391 1669 3458 io

301 3520 415 3585 posso;
446 3498 504 3566 che
528 3521 562 3565 se
586 3500 631 3565 mi
654 3496 730 3564 fassi
753 3510 904 3586 opposto,
928 3521 1021 3566 senza
1044 3496 1161 3565 dubbio
1184 3496 1337 3565 fecerono
1362 3500 1423 3586 qul
1446 3509 1478 3565 et
1499 3497 1532 3564 in
1554 3494 1671 3585 Inghil·

300 3616 382 3671 terra
404 3628 446 3671 un
471 3605 589 3672 vicario
613 3627 634 3671 0
657 3604 842 3692 patriarcha,
866 3604 924 3671 che
948 3603 1083 3672 harebbe
1112 3602 1144 3671 di
1165 3605 1293 3693 propria
1320 3604 1455 3672 autoriti
1483 3615 1516 3671 et
1537 3602 1568 3671 di
1591 3601 1669 3671 fatto

301 3707 449 3798 expedito
474 3711 551 3798 ogni
574 3733 658 3792 cosa,
683 3734 777 3778 come
800 3708 830 3777 fa
852 3709 873 3776 il
895 3710 996 3798 Papa,
1025 3722 1056 3778 et
1079 3711 1185 3778 sariasi
1213 3711 1318 3779 levato
1345 3709 1431 3777 forse
1459 3733 1515 3799 per
1543 3731 1670 3798 sempre

300 3814 503 3884 l’obedientia
532 3814 589 3883 alla
621 3813 703 3884 Sede
734 3815 934 3904 Apostolica,
967 3816 1050 3884 dove
1080 3816 1109 3882 la
1138 3840 1213 3884 cosa
1239 3840 1296 3905 per
1325 3830 1438 3906 questo
1469 3814 1569 3884 modo
1597 3816 1622 3882 si
1652 3821 1669 3884 'e

301 3919 434 3989 differita
456 3934 562 4004 tant0,
586 3923 644 3990 che
669 3922 708 3990 da
731 3922 814 4010 Papa
837 3924 909 3990 vien
933 3923 1068 4011 risposta
1091 3921 1170 3990 della
1193 3923 1323 3990 volunti
1346 3946 1417 4007 sua,
1444 3921 1473 3989 la
1500 3921 1591 4012 quale
1613 3922 1669 3989 ris·

300 4038 392 4115 posta
414 4024 566 4115 indugera
594 4028 685 4095 molti
714 4029 835 4116 giomi,
867 4040 898 4096 et
925 4031 958 4095 in
981 4041 1094 4119 questo
1118 4052 1228 4097 mezzo
1252 4029 1315 4097 Sua
1342 4027 1540 4097 Beatitudine
1566 4029 1671 4116 potria

300 4142 392 4217 esser,
409 4131 515 4216 libera,
539 4144 571 4200 et
593 4135 672 4202 saria
699 4132 867 4202 rimediato
896 4158 913 4202 a
940 4146 1034 4203 tutto.
1082 4134 1173 4203 Vede
1201 4134 1347 4224 adunque
1371 4136 1489 4202 Vostra
1512 4135 1669 4222 Signoria,

300 4237 359 4306 che
382 4239 482 4328 tempi
505 4261 588 4306 sono
611 4240 622 4305 i
645 4241 757 4322 nostri,
781 4253 813 4308 et
836 4241 869 4306 in
885 4240 944 4308 che
967 4240 1118 4329 travaglio
1135 4242 1180 4309 mi
1201 4260 1307 4323 trove,
1331 4241 1445 4330 poiche
1468 4242 1513 4308 mi
1535 4240 1671 4329 bisogna

299 4346 499 4412 acconsentir
522 4368 540 4411 a
566 4344 648 4412 simil
673 4368 749 4413 cose
771 4368 827 4434 per
859 4346 1007 4414 rimediar
1030 4371 1047 4414 a
1070 4346 1174 4416 molto
1199 4349 1345 4436 maggior
1367 4346 1465 4429 male,
1495 4360 1526 4415 et
1554 4359 1669 4436 quanta

300 4450 344 4516 sia
365 4449 561 4519 l'ambitione
580 4451 611 4520 di
627 4464 740 4541 questo
758 4451 913 4520 cardinale
928 4451 1127 4521 Eboracense
1143 4466 1175 4521 et
1190 4453 1218 4520 la
1233 4454 1438 4542 persuasione
1458 4452 1490 4521 di
1505 4477 1539 4521 se
1555 4465 1669 4535 stesso,

299 4555 358 4622 che
382 4555 421 4621 ha
443 4556 551 4623 animo
576 4555 608 4624 di
631 4555 825 4624 domandare
848 4556 875 4624 al
898 4558 991 4646 Papa,
1015 4559 1074 4627 che
1096 4559 1129 4626 10
1152 4559 1249 4627 faccia
1271 4582 1330 4627 suo
1353 4561 1471 4628 vicario
1494 4558 1668 4627 universale

300 4684 363 4728 con
386 4684 512 4728 somma
535 4666 668 4750 potesta.
715 4663 754 4730 Et
780 4662 801 4729 li
824 4663 969 4731 Francesi
991 4688 1048 4753 per
1075 4664 1097 4732 il
1119 4664 1257 4754 bisogno
1281 4667 1389 4734 hanno
1414 4665 1445 4734 di
1467 4666 1526 4749 lui,
1554 4688 1669 4734 accon-

300 4779 450 4850 senton0,
474 4779 505 4835 et
528 4791 622 4835 senza
645 4767 753 4851 dubia,
777 4791 872 4836 come
899 4770 972 4838 vien
1002 4769 1030 4837 la
1052 4772 1188 4859 risposta
1211 4770 1262 4840 del
1284 4773 1382 4861 Papa,
1410 4796 1444 4841 se
1472 4773 1534 4841 ben
1557 4771 1578 4840 li
1601 4777 1669 4841 1111

299 4884 427 4961 negato,
450 4877 576 4942 troverl
600 4872 700 4942 modo
724 4897 780 4963 per
803 4898 913 4943 mezzo
944 4875 995 4943 dei
1016 4876 1127 4964 prelati
1150 4877 1181 4945 di
1205 4878 1380 4962 ottener10,
1412 4893 1443 4948 et
1471 4883 1538 4948 sari
1561 4903 1604 4948 un
1628 4878 1669 4949 de

239 4982 243 4989 “
300 4980 457 5068 maggiori
481 4978 645 5065 disordini,
669 4982 728 5049 che
751 4979 835 5051 fusse
857 4983 920 5051 mai
943 4981 1025 5054 nella
1048 4984 1169 5068 chiesa;
1193 5008 1245 5053 ma
1268 4987 1300 5052 io
1316 4985 1361 5054 ho
1377 5009 1536 5079 speranza,
1560 4987 1668 5057 chein
