<?xml version="1.0" encoding="UTF-8"?>
<!DOCTYPE html PUBLIC "-//W3C//DTD XHTML 1.0 Transitional//EN"
    "http://www.w3.org/TR/xhtml1/DTD/xhtml1-transitional.dtd">
<html xmlns="http://www.w3.org/1999/xhtml" xml:lang="en" lang="en">
 <head>
  <title>
</title>
<meta http-equiv="Content-Type" content="text/html;charset=utf-8" />
  <meta name='ocr-system' content='tesseract 3.04.00' />
  <meta name='ocr-capabilities' content='ocr_page ocr_carea ocr_par ocr_line ocrx_word'/>
</head>
<body>
  <div class='ocr_page' id='page_1' title='image "./rmischedokument01ehsegoog_0073.png"; bbox 0 0 3820 5592; ppageno 0'>
   <div class='ocr_carea' id='block_1_1' title="bbox 917 549 979 632">
    <p class='ocr_par' dir='ltr' id='par_1_1' title="bbox 917 549 979 632">
     <span class='ocr_line' id='line_1_1' title="bbox 917 549 979 632; baseline 0.032 -2"><span class='ocrx_word' id='word_1_1' title='bbox 917 549 979 632; x_wconf 89' lang='lat'><strong>18.</strong></span> 
     </span>
    </p>
   </div>
   <div class='ocr_carea' id='block_1_2' title="bbox 271 687 1636 1098">
    <p class='ocr_par' dir='ltr' id='par_1_2' title="bbox 271 687 1636 1098">
     <span class='ocr_line' id='line_1_2' title="bbox 490 687 1409 779; baseline 0.002 -24"><span class='ocrx_word' id='word_1_2' title='bbox 490 687 670 757; x_wconf 89' lang='lat' dir='ltr'><strong>Clemens</strong></span> <span class='ocrx_word' id='word_1_3' title='bbox 690 689 759 757; x_wconf 92' lang='lat' dir='ltr'><strong>VII.</strong></span> <span class='ocrx_word' id='word_1_4' title='bbox 784 712 823 755; x_wconf 91' lang='lat' dir='ltr'><strong>an</strong></span> <span class='ocrx_word' id='word_1_5' title='bbox 848 689 1031 756; x_wconf 88' lang='lat' dir='ltr'><strong>Heinrich</strong></span> <span class='ocrx_word' id='word_1_6' title='bbox 1051 689 1136 757; x_wconf 92' lang='lat' dir='ltr'><strong>VIII.</strong></span> <span class='ocrx_word' id='word_1_7' title='bbox 1160 689 1226 759; x_wconf 91' lang='lat' dir='ltr'><strong>und</strong></span> <span class='ocrx_word' id='word_1_8' title='bbox 1247 689 1409 779; x_wconf 92' lang='lat' dir='ltr'><strong>Wolsey.</strong></span> 
     </span>
     <span class='ocr_line' id='line_1_3' title="bbox 730 795 1167 885; baseline -0.002 -21"><span class='ocrx_word' id='word_1_9' title='bbox 730 795 879 877; x_wconf 89' lang='lat' dir='ltr'><strong>Orviet0‚</strong></span> <span class='ocrx_word' id='word_1_10' title='bbox 904 797 934 863; x_wconf 87' lang='lat'><strong>8.</strong></span> <span class='ocrx_word' id='word_1_11' title='bbox 958 795 1047 885; x_wconf 84' lang='lat' dir='ltr'><strong>April</strong></span> <span class='ocrx_word' id='word_1_12' title='bbox 1074 799 1167 882; x_wconf 85' lang='lat'><strong>1528.</strong></span> 
     </span>
     <span class='ocr_line' id='line_1_4' title="bbox 369 936 1636 1009; baseline 0.003 -20"><span class='ocrx_word' id='word_1_13' title='bbox 369 936 414 989; x_wconf 84' lang='lat' dir='ltr'><strong>Da</strong></span> <span class='ocrx_word' id='word_1_14' title='bbox 432 937 478 989; x_wconf 85' lang='lat' dir='ltr'><strong>der</strong></span> <span class='ocrx_word' id='word_1_15' title='bbox 495 937 618 1008; x_wconf 76' lang='lat' dir='ltr'><strong>bisberr&#39;ge</strong></span> <span class='ocrx_word' id='word_1_16' title='bbox 639 938 751 992; x_wconf 82' lang='lat' dir='ltr'><em>Nuntius</em></span> <span class='ocrx_word' id='word_1_17' title='bbox 769 939 797 990; x_wconf 88' lang='lat' dir='ltr'><strong>t&#39;n</strong></span> <span class='ocrx_word' id='word_1_18' title='bbox 816 937 946 1008; x_wconf 76' lang='lat' dir='ltr'><strong>England,</strong></span> <span class='ocrx_word' id='word_1_19' title='bbox 968 937 1073 991; x_wconf 81' lang='lat' dir='ltr'><strong>Ubertru</strong></span> <span class='ocrx_word' id='word_1_20' title='bbox 1090 939 1125 991; x_wconf 83' lang='lat' dir='ltr'><strong>du</strong></span> <span class='ocrx_word' id='word_1_21' title='bbox 1147 937 1287 1003; x_wconf 69' lang='lat' dir='ltr'><strong>Gaudere,</strong></span> <span class='ocrx_word' id='word_1_22' title='bbox 1311 938 1446 991; x_wconf 77' lang='lat' dir='ltr'><strong>erwdblter</strong></span> <span class='ocrx_word' id='word_1_23' title='bbox 1465 939 1570 1009; x_wconf 84' lang='lat' dir='ltr'><strong>Biscbos</strong></span> <span class='ocrx_word' id='word_1_24' title='bbox 1583 956 1636 993; x_wconf 79' lang='lat' dir='ltr'><strong>von</strong></span> 
     </span>
     <span class='ocr_line' id='line_1_5' title="bbox 271 1023 1636 1098; baseline 0.002 -20"><span class='ocrx_word' id='word_1_25' title='bbox 271 1023 390 1089; x_wconf 83' lang='lat' dir='ltr'><strong>Tortouu,</strong></span> <span class='ocrx_word' id='word_1_26' title='bbox 413 1026 477 1079; x_wconf 85' lang='lat' dir='ltr'><strong>nach</strong></span> <span class='ocrx_word' id='word_1_27' title='bbox 497 1025 589 1079; x_wconf 71' lang='lat' dir='ltr'><strong>Italian</strong></span> <span class='ocrx_word' id='word_1_28' title='bbox 612 1026 806 1097; x_wconf 63' lang='lat' dir='ltr'><strong>turbrkgekebrt</strong></span> <span class='ocrx_word' id='word_1_29' title='bbox 830 1028 870 1091; x_wconf 82' lang='lat' dir='ltr'><strong>ist,</strong></span> <span class='ocrx_word' id='word_1_30' title='bbox 892 1044 918 1079; x_wconf 90' lang='lat' dir='ltr'><strong>so</strong></span> <span class='ocrx_word' id='word_1_31' title='bbox 941 1025 984 1078; x_wconf 86' lang='lat' dir='ltr'><strong>bat</strong></span> <span class='ocrx_word' id='word_1_32' title='bbox 1007 1026 1053 1079; x_wconf 81' lang='lat' dir='ltr'><strong>der</strong></span> <span class='ocrx_word' id='word_1_33' title='bbox 1072 1026 1148 1098; x_wconf 80' lang='lat' dir='ltr'><strong>Papst</strong></span> <span class='ocrx_word' id='word_1_34' title='bbox 1170 1027 1207 1080; x_wconf 84' lang='lat' dir='ltr'><strong>bis</strong></span> <span class='ocrx_word' id='word_1_35' title='bbox 1231 1044 1278 1096; x_wconf 65' lang='lat' dir='ltr'><strong>&lt;ur</strong></span> <span class='ocrx_word' id='word_1_36' title='bbox 1295 1026 1440 1097; x_wconf 76' lang='lat' dir='ltr'><strong>Bestellung</strong></span> <span class='ocrx_word' id='word_1_37' title='bbox 1463 1029 1530 1080; x_wconf 78' lang='lat' dir='ltr'><strong>eines</strong></span> <span class='ocrx_word' id='word_1_38' title='bbox 1550 1026 1636 1081; x_wconf 80' lang='lat' dir='ltr'><strong>Narb-</strong></span> 
     </span>
    </p>
   </div>
   <div class='ocr_carea' id='block_1_3' title="bbox 259 1112 1636 1275">
    <p class='ocr_par' dir='ltr' id='par_1_3' title="bbox 259 1112 1636 1275">
     <span class='ocr_line' id='line_1_6' title="bbox 259 1112 1636 1186; baseline 0.001 -21"><span class='ocrx_word' id='word_1_39' title='bbox 259 1112 359 1184; x_wconf 80' lang='lat' dir='ltr'><strong>folgers</strong></span> <span class='ocrx_word' id='word_1_40' title='bbox 376 1114 424 1167; x_wconf 83' lang='lat' dir='ltr'><strong>den</strong></span> <span class='ocrx_word' id='word_1_41' title='bbox 444 1114 600 1186; x_wconf 80' lang='lat' dir='ltr'><strong>pdpstlichcn</strong></span> <span class='ocrx_word' id='word_1_42' title='bbox 620 1114 705 1169; x_wconf 84' lang='lat' dir='ltr'><strong>Notar</strong></span> <span class='ocrx_word' id='word_1_43' title='bbox 724 1113 850 1185; x_wconf 81' lang='lat' dir='ltr'><strong>Sylvester</strong></span> <span class='ocrx_word' id='word_1_44' title='bbox 868 1115 968 1168; x_wconf 83' lang='lat' dir='ltr'><strong>Durius</strong></span> <span class='ocrx_word' id='word_1_45' title='bbox 990 1117 1036 1169; x_wconf 85' lang='lat' dir='ltr'><strong>mit</strong></span> <span class='ocrx_word' id='word_1_46' title='bbox 1055 1114 1179 1186; x_wconf 74' lang='lat' dir='ltr'><strong>Fribaruag</strong></span> <span class='ocrx_word' id='word_1_47' title='bbox 1201 1116 1248 1169; x_wconf 83' lang='lat' dir='ltr'><strong>der</strong></span> <span class='ocrx_word' id='word_1_48' title='bbox 1265 1115 1432 1186; x_wconf 74' lang='lat' dir='ltr'><strong>betreffeoden</strong></span> <span class='ocrx_word' id='word_1_49' title='bbox 1453 1114 1585 1186; x_wconf 77' lang='lat' dir='ltr'><strong>Gescbdste</strong></span> <span class='ocrx_word' id='word_1_50' title='bbox 1608 1117 1636 1168; x_wconf 83' lang='lat' dir='ltr'><strong>in</strong></span> 
     </span>
     <span class='ocr_line' id='line_1_7' title="bbox 267 1199 1263 1275; baseline 0.003 -21"><span class='ocrx_word' id='word_1_51' title='bbox 267 1199 390 1273; x_wconf 78' lang='lat' dir='ltr'><strong>England</strong></span> <span class='ocrx_word' id='word_1_52' title='bbox 407 1203 513 1256; x_wconf 85' lang='lat' dir='ltr'><strong>betraut.</strong></span> <span class='ocrx_word' id='word_1_53' title='bbox 550 1202 640 1257; x_wconf 70' lang='lat' dir='ltr'><strong>Dabar</strong></span> <span class='ocrx_word' id='word_1_54' title='bbox 658 1202 828 1275; x_wconf 72' lang='lat' dir='ltr'><strong>Empseblung</strong></span> <span class='ocrx_word' id='word_1_55' title='bbox 846 1203 900 1257; x_wconf 83' lang='lat' dir='ltr'><strong>und</strong></span> <span class='ocrx_word' id='word_1_56' title='bbox 917 1202 1114 1275; x_wconf 73' lang='lat' dir='ltr'><strong>Beglaubigung</strong></span> <span class='ocrx_word' id='word_1_57' title='bbox 1132 1203 1263 1257; x_wconf 81' lang='lat' dir='ltr'><strong>desselben.</strong></span> 
     </span>
    </p>
   </div>
   <div class='ocr_carea' id='block_1_4' title="bbox 371 1343 1639 2018">
    <p class='ocr_par' dir='ltr' id='par_1_4' title="bbox 371 1343 1639 2018">
     <span class='ocr_line' id='line_1_8' title="bbox 476 1343 1636 1416; baseline 0.001 -19"><span class='ocrx_word' id='word_1_58' title='bbox 476 1343 552 1398; x_wconf 88' lang='lat' dir='ltr'><strong>Brev.</strong></span> <span class='ocrx_word' id='word_1_59' title='bbox 571 1344 635 1399; x_wconf 89' lang='lat' dir='ltr'><strong>min.</strong></span> <span class='ocrx_word' id='word_1_60' title='bbox 656 1343 696 1399; x_wconf 93' lang='lat' dir='ltr'><strong>Cl.</strong></span> <span class='ocrx_word' id='word_1_61' title='bbox 710 1343 768 1399; x_wconf 91' lang='lat' dir='ltr'><strong>VII.</strong></span> <span class='ocrx_word' id='word_1_62' title='bbox 788 1343 841 1398; x_wconf 88' lang='lat' dir='ltr'><strong>vol.</strong></span> <span class='ocrx_word' id='word_1_63' title='bbox 861 1359 902 1411; x_wconf 89' lang='lat'><strong>21,</strong></span> <span class='ocrx_word' id='word_1_64' title='bbox 922 1363 947 1399; x_wconf 90' lang='lat' dir='ltr'><strong>n.</strong></span> <span class='ocrx_word' id='word_1_65' title='bbox 970 1360 1016 1415; x_wconf 86' lang='lat'><strong>315</strong></span> <span class='ocrx_word' id='word_1_66' title='bbox 1033 1362 1058 1399; x_wconf 91' lang='lat' dir='ltr'><strong>u.</strong></span> <span class='ocrx_word' id='word_1_67' title='bbox 1074 1344 1131 1413; x_wconf 83' lang='lat'><strong>316.</strong></span> <span class='ocrx_word' id='word_1_68' title='bbox 1170 1343 1306 1416; x_wconf 86' lang='lat' dir='ltr'><strong>Sylvester</strong></span> <span class='ocrx_word' id='word_1_69' title='bbox 1323 1345 1419 1399; x_wconf 88' lang='lat' dir='ltr'><strong>Darius</strong></span> <span class='ocrx_word' id='word_1_70' title='bbox 1438 1362 1484 1400; x_wconf 90' lang='lat' dir='ltr'><strong>aus</strong></span> <span class='ocrx_word' id='word_1_71' title='bbox 1504 1345 1591 1400; x_wconf 90' lang='lat' dir='ltr'><strong>Lucca</strong></span> <span class='ocrx_word' id='word_1_72' title='bbox 1610 1345 1636 1398; x_wconf 87' lang='lat' dir='ltr'><strong>in</strong></span> 
     </span>
     <span class='ocr_line' id='line_1_9' title="bbox 372 1429 1636 1505; baseline 0.002 -20"><span class='ocrx_word' id='word_1_73' title='bbox 372 1429 464 1486; x_wconf 88' lang='lat' dir='ltr'><strong>ltalien</strong></span> <span class='ocrx_word' id='word_1_74' title='bbox 482 1449 539 1485; x_wconf 88' lang='lat' dir='ltr'><strong>war</strong></span> <span class='ocrx_word' id='word_1_75' title='bbox 558 1432 659 1487; x_wconf 87' lang='lat' dir='ltr'><strong>damals</strong></span> <span class='ocrx_word' id='word_1_76' title='bbox 677 1432 838 1504; x_wconf 72' lang='lat' dir='ltr'><strong>papstlicher</strong></span> <span class='ocrx_word' id='word_1_77' title='bbox 850 1433 1037 1487; x_wconf 80' lang='lat' dir='ltr'><strong>Sublrollelrtor</strong></span> <span class='ocrx_word' id='word_1_78' title='bbox 1054 1434 1082 1487; x_wconf 92' lang='lat' dir='ltr'><strong>in</strong></span> <span class='ocrx_word' id='word_1_79' title='bbox 1095 1432 1226 1505; x_wconf 83' lang='lat' dir='ltr'><strong>England.</strong></span> <span class='ocrx_word' id='word_1_80' title='bbox 1262 1433 1300 1487; x_wconf 84' lang='lat' dir='ltr'><strong>So</strong></span> <span class='ocrx_word' id='word_1_81' title='bbox 1318 1442 1401 1488; x_wconf 87' lang='lat' dir='ltr'><strong>neunt</strong></span> <span class='ocrx_word' id='word_1_82' title='bbox 1419 1434 1464 1488; x_wconf 90' lang='lat' dir='ltr'><strong>ihn</strong></span> <span class='ocrx_word' id='word_1_83' title='bbox 1484 1431 1564 1487; x_wconf 87' lang='lat' dir='ltr'><strong>Kard.</strong></span> <span class='ocrx_word' id='word_1_84' title='bbox 1579 1433 1636 1488; x_wconf 88' lang='lat' dir='ltr'><strong>Sal-</strong></span> 
     </span>
     <span class='ocr_line' id='line_1_10' title="bbox 371 1520 1639 1593; baseline 0.001 -19"><span class='ocrx_word' id='word_1_85' title='bbox 371 1520 433 1574; x_wconf 82' lang='lat' dir='ltr'><strong>viati</strong></span> <span class='ocrx_word' id='word_1_86' title='bbox 456 1521 482 1574; x_wconf 90' lang='lat' dir='ltr'><strong>iu</strong></span> <span class='ocrx_word' id='word_1_87' title='bbox 507 1521 594 1575; x_wconf 88' lang='lat' dir='ltr'><strong>einem</strong></span> <span class='ocrx_word' id='word_1_88' title='bbox 614 1521 758 1575; x_wconf 82' lang='lat' dir='ltr'><strong>Schreiben</strong></span> <span class='ocrx_word' id='word_1_89' title='bbox 777 1538 841 1575; x_wconf 89' lang='lat' dir='ltr'><strong>vorn</strong></span> <span class='ocrx_word' id='word_1_90' title='bbox 864 1537 903 1576; x_wconf 88' lang='lat'><strong>12.</strong></span> <span class='ocrx_word' id='word_1_91' title='bbox 921 1521 995 1575; x_wconf 77' lang='lat' dir='ltr'><strong>Marz</strong></span> <span class='ocrx_word' id='word_1_92' title='bbox 1017 1522 1091 1590; x_wconf 84' lang='lat'><strong>1528.</strong></span> <span class='ocrx_word' id='word_1_93' title='bbox 1128 1521 1214 1576; x_wconf 82' lang='lat' dir='ltr'><strong>Nunz.</strong></span> <span class='ocrx_word' id='word_1_94' title='bbox 1234 1521 1259 1575; x_wconf 90' lang='lat' dir='ltr'><strong>di</strong></span> <span class='ocrx_word' id='word_1_95' title='bbox 1283 1520 1392 1576; x_wconf 79' lang='lat' dir='ltr'>Francia</span> <span class='ocrx_word' id='word_1_96' title='bbox 1415 1522 1435 1577; x_wconf 90' lang='lat'><strong>1.</strong></span> <span class='ocrx_word' id='word_1_97' title='bbox 1454 1539 1480 1593; x_wconf 91' lang='lat' dir='ltr'><strong>p.</strong></span> <span class='ocrx_word' id='word_1_98' title='bbox 1496 1523 1554 1576; x_wconf 84' lang='lat'><strong>182.</strong></span> <span class='ocrx_word' id='word_1_99' title='bbox 1586 1521 1639 1576; x_wconf 89' lang='lat' dir='ltr'><strong>Die</strong></span> 
     </span>
     <span class='ocr_line' id='line_1_11' title="bbox 372 1607 1639 1683; baseline 0.002 -21"><span class='ocrx_word' id='word_1_100' title='bbox 372 1607 491 1663; x_wconf 76' lang='lat' dir='ltr'><strong>Anlrunft</strong></span> <span class='ocrx_word' id='word_1_101' title='bbox 513 1607 661 1663; x_wconf 89' lang='lat' dir='ltr'><strong>Gambaras</strong></span> <span class='ocrx_word' id='word_1_102' title='bbox 680 1627 726 1664; x_wconf 89' lang='lat' dir='ltr'><strong>aus</strong></span> <span class='ocrx_word' id='word_1_103' title='bbox 748 1609 870 1681; x_wconf 83' lang='lat' dir='ltr'><strong>England</strong></span> <span class='ocrx_word' id='word_1_104' title='bbox 888 1611 915 1663; x_wconf 88' lang='lat' dir='ltr'><strong>iu</strong></span> <span class='ocrx_word' id='word_1_105' title='bbox 928 1608 1041 1665; x_wconf 87' lang='lat' dir='ltr'><strong>Orvieto</strong></span> <span class='ocrx_word' id='word_1_106' title='bbox 1061 1609 1176 1680; x_wconf 82' lang='lat' dir='ltr'><strong>eriolgte</strong></span> <span class='ocrx_word' id='word_1_107' title='bbox 1194 1627 1238 1663; x_wconf 85' lang='lat' dir='ltr'><strong>am</strong></span> <span class='ocrx_word' id='word_1_108' title='bbox 1258 1624 1299 1679; x_wconf 91' lang='lat'><strong>27.</strong></span> <span class='ocrx_word' id='word_1_109' title='bbox 1312 1609 1386 1664; x_wconf 76' lang='lat' dir='ltr'><strong>Mara</strong></span> <span class='ocrx_word' id='word_1_110' title='bbox 1401 1610 1467 1679; x_wconf 85' lang='lat'><em>1528</em></span> <span class='ocrx_word' id='word_1_111' title='bbox 1486 1610 1521 1679; x_wconf 88' lang='lat' dir='ltr'><strong>(s.</strong></span> <span class='ocrx_word' id='word_1_112' title='bbox 1534 1610 1639 1683; x_wconf 88' lang='lat' dir='ltr'><strong>Strype‚</strong></span> 
     </span>
     <span class='ocr_line' id='line_1_12' title="bbox 372 1695 1638 1770; baseline 0.002 -20"><span class='ocrx_word' id='word_1_113' title='bbox 372 1695 443 1751; x_wconf 87' lang='lat' dir='ltr'><strong>Eccl.</strong></span> <span class='ocrx_word' id='word_1_114' title='bbox 462 1696 617 1751; x_wconf 88' lang='lat' dir='ltr'><strong>memorials</strong></span> <span class='ocrx_word' id='word_1_115' title='bbox 636 1697 655 1752; x_wconf 86' lang='lat'><strong>1.</strong></span> <span class='ocrx_word' id='word_1_116' title='bbox 675 1713 698 1752; x_wconf 87' lang='lat'><strong>2.</strong></span> <span class='ocrx_word' id='word_1_117' title='bbox 718 1716 743 1769; x_wconf 87' lang='lat' dir='ltr'><strong>p.</strong></span> <span class='ocrx_word' id='word_1_118' title='bbox 757 1698 817 1770; x_wconf 85' lang='lat'>79);</span> <span class='ocrx_word' id='word_1_119' title='bbox 843 1697 885 1752; x_wconf 91' lang='lat' dir='ltr'><strong>die</strong></span> <span class='ocrx_word' id='word_1_120' title='bbox 900 1699 1063 1770; x_wconf 86' lang='lat' dir='ltr'><strong>Emennung</strong></span> <span class='ocrx_word' id='word_1_121' title='bbox 1082 1697 1129 1753; x_wconf 88' lang='lat' dir='ltr'><strong>des</strong></span> <span class='ocrx_word' id='word_1_122' title='bbox 1148 1697 1335 1765; x_wconf 87' lang='lat' dir='ltr'><strong>Internuutius,</strong></span> <span class='ocrx_word' id='word_1_123' title='bbox 1354 1696 1451 1752; x_wconf 88' lang='lat' dir='ltr'><strong>dessen</strong></span> <span class='ocrx_word' id='word_1_124' title='bbox 1464 1697 1552 1753; x_wconf 90' lang='lat' dir='ltr'><strong>Name</strong></span> <span class='ocrx_word' id='word_1_125' title='bbox 1570 1699 1638 1752; x_wconf 91' lang='lat' dir='ltr'><strong>auch</strong></span> 
     </span>
     <span class='ocr_line' id='line_1_13' title="bbox 373 1785 1639 1859; baseline 0.002 -21"><span class='ocrx_word' id='word_1_126' title='bbox 373 1789 463 1856; x_wconf 67' lang='lat' dir='ltr'><strong>spiret</strong></span> <span class='ocrx_word' id='word_1_127' title='bbox 480 1787 552 1840; x_wconf 90' lang='lat' dir='ltr'><strong>noch</strong></span> <span class='ocrx_word' id='word_1_128' title='bbox 570 1785 810 1840; x_wconf 87' lang='lat' dir='ltr'><strong>verschiedentlich</strong></span> <span class='ocrx_word' id='word_1_129' title='bbox 829 1786 970 1854; x_wconf 88' lang='lat' dir='ltr'><strong>erscheint‚</strong></span> <span class='ocrx_word' id='word_1_130' title='bbox 994 1786 1114 1859; x_wconf 84' lang='lat' dir='ltr'><strong>geschah</strong></span> <span class='ocrx_word' id='word_1_131' title='bbox 1131 1786 1207 1841; x_wconf 89' lang='lat' dir='ltr'><strong>wohl</strong></span> <span class='ocrx_word' id='word_1_132' title='bbox 1225 1787 1273 1840; x_wconf 88' lang='lat' dir='ltr'><strong>mit</strong></span> <span class='ocrx_word' id='word_1_133' title='bbox 1292 1786 1436 1841; x_wconf 80' lang='lat' dir='ltr'><strong>Rt&#39;rclrsicht</strong></span> <span class='ocrx_word' id='word_1_134' title='bbox 1454 1785 1503 1840; x_wconf 82' lang='lat' dir='ltr'><strong>aus</strong></span> <span class='ocrx_word' id='word_1_135' title='bbox 1516 1786 1559 1841; x_wconf 91' lang='lat' dir='ltr'><strong>die</strong></span> <span class='ocrx_word' id='word_1_136' title='bbox 1571 1786 1639 1841; x_wconf 88' lang='lat' dir='ltr'><strong>Ver·</strong></span> 
     </span>
     <span class='ocr_line' id='line_1_14' title="bbox 374 1873 1639 1947; baseline 0.002 -20"><span class='ocrx_word' id='word_1_137' title='bbox 374 1878 520 1946; x_wconf 78' lang='lat' dir='ltr'><strong>rogerung,</strong></span> <span class='ocrx_word' id='word_1_138' title='bbox 539 1874 643 1929; x_wconf 85' lang='lat' dir='ltr'><strong>welche</strong></span> <span class='ocrx_word' id='word_1_139' title='bbox 656 1874 698 1929; x_wconf 90' lang='lat' dir='ltr'><strong>die</strong></span> <span class='ocrx_word' id='word_1_140' title='bbox 712 1874 830 1929; x_wconf 84' lang='lat' dir='ltr'><strong>Ankunft</strong></span> <span class='ocrx_word' id='word_1_141' title='bbox 849 1874 896 1930; x_wconf 89' lang='lat' dir='ltr'><strong>des</strong></span> <span class='ocrx_word' id='word_1_142' title='bbox 907 1874 1028 1947; x_wconf 84' lang='lat' dir='ltr'><strong>Legaten</strong></span> <span class='ocrx_word' id='word_1_143' title='bbox 1041 1874 1240 1947; x_wconf 83' lang='lat' dir='ltr'><strong>(Campeggio)</strong></span> <span class='ocrx_word' id='word_1_144' title='bbox 1256 1875 1285 1933; x_wconf 90' lang='lat' dir='ltr'><strong>in</strong></span> <span class='ocrx_word' id='word_1_145' title='bbox 1298 1873 1421 1946; x_wconf 84' lang='lat' dir='ltr'><strong>England</strong></span> <span class='ocrx_word' id='word_1_146' title='bbox 1438 1873 1639 1946; x_wconf 82' lang='lat' dir='ltr'><strong>notwendiger-</strong></span> 
     </span>
     <span class='ocr_line' id='line_1_15' title="bbox 374 1961 723 2018; baseline 0.009 -4"><span class='ocrx_word' id='word_1_147' title='bbox 374 1961 457 2015; x_wconf 87' lang='lat' dir='ltr'><strong>weise</strong></span> <span class='ocrx_word' id='word_1_148' title='bbox 476 1961 598 2017; x_wconf 87' lang='lat' dir='ltr'><strong>erfahren</strong></span> <span class='ocrx_word' id='word_1_149' title='bbox 618 1962 723 2018; x_wconf 89' lang='lat' dir='ltr'><strong>musste.</strong></span> 
     </span>
    </p>
   </div>
   <div class='ocr_carea' id='block_1_5' title="bbox 649 2208 1264 2299">
    <p class='ocr_par' dir='ltr' id='par_1_5' title="bbox 649 2208 1264 2299">
     <span class='ocr_line' id='line_1_16' title="bbox 649 2208 1264 2299; baseline -0.002 -22"><span class='ocrx_word' id='word_1_150' title='bbox 649 2208 829 2277; x_wconf 89' lang='lat' dir='ltr'>Consilium</span> <span class='ocrx_word' id='word_1_151' title='bbox 848 2232 942 2298; x_wconf 91' lang='lat' dir='ltr'><strong>super</strong></span> <span class='ocrx_word' id='word_1_152' title='bbox 966 2234 1058 2279; x_wconf 88' lang='lat' dir='ltr'><strong>causa</strong></span> <span class='ocrx_word' id='word_1_153' title='bbox 1080 2208 1264 2299; x_wconf 83' lang='lat' dir='ltr'><strong>Anglicana.</strong></span> 
     </span>
    </p>
   </div>
   <div class='ocr_carea' id='block_1_6' title="bbox 272 2350 1643 2511">
    <p class='ocr_par' dir='ltr' id='par_1_6' title="bbox 272 2350 1643 2511">
     <span class='ocr_line' id='line_1_17' title="bbox 377 2350 1643 2424; baseline 0.001 -22"><span class='ocrx_word' id='word_1_154' title='bbox 377 2350 473 2420; x_wconf 54' lang='lat' dir='ltr'><strong>Karza</strong></span> <span class='ocrx_word' id='word_1_155' title='bbox 491 2350 622 2404; x_wconf 83' lang='lat' dir='ltr'><strong>Protoboll</strong></span> <span class='ocrx_word' id='word_1_156' title='bbox 639 2353 709 2404; x_wconf 82' lang='lat' dir='ltr'><strong>einer</strong></span> <span class='ocrx_word' id='word_1_157' title='bbox 727 2351 859 2422; x_wconf 81' lang='lat' dir='ltr'><strong>Beratung</strong></span> <span class='ocrx_word' id='word_1_158' title='bbox 877 2369 927 2404; x_wconf 81' lang='lat' dir='ltr'><strong>vor</strong></span> <span class='ocrx_word' id='word_1_159' title='bbox 944 2352 1001 2405; x_wconf 78' lang='lat' dir='ltr'><strong>dem</strong></span> <span class='ocrx_word' id='word_1_160' title='bbox 1020 2351 1108 2424; x_wconf 84' lang='lat' dir='ltr'><strong>Papste</strong></span> <span class='ocrx_word' id='word_1_161' title='bbox 1130 2352 1191 2405; x_wconf 77' lang='lat' dir='ltr'><strong>tiber</strong></span> <span class='ocrx_word' id='word_1_162' title='bbox 1209 2352 1251 2405; x_wconf 81' lang='lat' dir='ltr'><strong>die</strong></span> <span class='ocrx_word' id='word_1_163' title='bbox 1268 2369 1320 2405; x_wconf 84' lang='lat' dir='ltr'><strong>von</strong></span> <span class='ocrx_word' id='word_1_164' title='bbox 1338 2351 1477 2422; x_wconf 75' lang='lat' dir='ltr'><strong>engliscber</strong></span> <span class='ocrx_word' id='word_1_165' title='bbox 1497 2350 1563 2405; x_wconf 84' lang='lat' dir='ltr'><strong>Seite</strong></span> <span class='ocrx_word' id='word_1_166' title='bbox 1580 2368 1643 2404; x_wconf 84' lang='lat' dir='ltr'><strong>vor-</strong></span> 
     </span>
     <span class='ocr_line' id='line_1_18' title="bbox 272 2437 747 2511; baseline 0.004 -20"><span class='ocrx_word' id='word_1_167' title='bbox 272 2438 420 2509; x_wconf 75' lang='lat' dir='ltr'><strong>gebracbten</strong></span> <span class='ocrx_word' id='word_1_168' title='bbox 439 2437 747 2511; x_wconf 76' lang='lat' dir='ltr'><strong>Ebcscbeidungsgrtiude.</strong></span> 
     </span>
    </p>
   </div>
   <div class='ocr_carea' id='block_1_7' title="bbox 267 2562 1646 4351">
    <p class='ocr_par' dir='ltr' id='par_1_7' title="bbox 274 2562 1646 2759">
     <span class='ocr_line' id='line_1_19' title="bbox 377 2562 1646 2652; baseline 0.001 -24"><span class='ocrx_word' id='word_1_169' title='bbox 377 2562 470 2630; x_wconf 88' lang='lat' dir='ltr'><strong>Pater</strong></span> <span class='ocrx_word' id='word_1_170' title='bbox 492 2573 610 2630; x_wconf 89' lang='lat' dir='ltr'><strong>sancte.</strong></span> <span class='ocrx_word' id='word_1_171' title='bbox 655 2562 710 2631; x_wconf 90' lang='lat' dir='ltr'><strong>Isti</strong></span> <span class='ocrx_word' id='word_1_172' title='bbox 734 2582 877 2631; x_wconf 90' lang='lat' dir='ltr'><strong>oratores</strong></span> <span class='ocrx_word' id='word_1_173' title='bbox 900 2562 1110 2652; x_wconf 88' lang='lat' dir='ltr'><strong>praetendunt</strong></span> <span class='ocrx_word' id='word_1_174' title='bbox 1132 2562 1248 2632; x_wconf 83' lang='lat' dir='ltr'><strong>litteras</strong></span> <span class='ocrx_word' id='word_1_175' title='bbox 1272 2563 1516 2652; x_wconf 82' lang='lat' dir='ltr'><strong>dispensationis</strong></span> <span class='ocrx_word' id='word_1_176' title='bbox 1540 2564 1646 2631; x_wconf 90' lang='lat' dir='ltr'><strong>matri-</strong></span> 
     </span>
     <span class='ocr_line' id='line_1_20' title="bbox 274 2666 1026 2759; baseline 0.003 -25"><span class='ocrx_word' id='word_1_177' title='bbox 274 2666 419 2735; x_wconf 87' lang='lat' dir='ltr'><strong>monialis</strong></span> <span class='ocrx_word' id='word_1_178' title='bbox 442 2666 541 2735; x_wconf 90' lang='lat' dir='ltr'><strong>nullas</strong></span> <span class='ocrx_word' id='word_1_179' title='bbox 564 2692 603 2735; x_wconf 81' lang='lat' dir='ltr'><strong>ex</strong></span> <span class='ocrx_word' id='word_1_180' title='bbox 626 2669 765 2759; x_wconf 89' lang='lat' dir='ltr'><strong>quinque</strong></span> <span class='ocrx_word' id='word_1_181' title='bbox 789 2670 899 2736; x_wconf 89' lang='lat' dir='ltr'><strong>causis.</strong></span> <span class='ocrx_word' id='word_1_182' title='bbox 1024 2684 1026 2688; x_wconf 71' lang='lat'>‘</span> 
     </span>
    </p>

    <p class='ocr_par' dir='ltr' id='par_1_8' title="bbox 269 2774 1644 3076">
     <span class='ocr_line' id='line_1_21' title="bbox 373 2774 1642 2866; baseline 0.002 -26"><span class='ocrx_word' id='word_1_183' title='bbox 373 2774 494 2863; x_wconf 87' lang='lat' dir='ltr'><strong>Primp,</strong></span> <span class='ocrx_word' id='word_1_184' title='bbox 517 2775 589 2863; x_wconf 89' lang='lat' dir='ltr'><strong>quia</strong></span> <span class='ocrx_word' id='word_1_185' title='bbox 611 2775 644 2842; x_wconf 90' lang='lat' dir='ltr'><strong>in</strong></span> <span class='ocrx_word' id='word_1_186' title='bbox 668 2774 726 2842; x_wconf 89' lang='lat' dir='ltr'><strong>illis</strong></span> <span class='ocrx_word' id='word_1_187' title='bbox 750 2787 901 2858; x_wconf 84' lang='lat' dir='ltr'><strong>narratur,</strong></span> <span class='ocrx_word' id='word_1_188' title='bbox 929 2774 1016 2866; x_wconf 92' lang='lat' dir='ltr'><strong>quod</strong></span> <span class='ocrx_word' id='word_1_189' title='bbox 1046 2777 1114 2865; x_wconf 93' lang='lat' dir='ltr'><strong>ipse</strong></span> <span class='ocrx_word' id='word_1_190' title='bbox 1141 2797 1196 2843; x_wconf 83' lang='lat' dir='ltr'><strong>rex</strong></span> <span class='ocrx_word' id='word_1_191' title='bbox 1220 2774 1363 2864; x_wconf 90' lang='lat' dir='ltr'><strong>cupiebat</strong></span> <span class='ocrx_word' id='word_1_192' title='bbox 1390 2774 1642 2856; x_wconf 82' lang='lat' dir='ltr'><strong>matrimonium,</strong></span> 
     </span>
     <span class='ocr_line' id='line_1_22' title="bbox 269 2878 1644 2970; baseline 0.001 -22"><span class='ocrx_word' id='word_1_193' title='bbox 269 2879 354 2969; x_wconf 91' lang='lat' dir='ltr'><strong>quod</strong></span> <span class='ocrx_word' id='word_1_194' title='bbox 378 2878 499 2948; x_wconf 90' lang='lat' dir='ltr'><strong>dictum</strong></span> <span class='ocrx_word' id='word_1_195' title='bbox 516 2904 585 2948; x_wconf 91' lang='lat' dir='ltr'><strong>esse</strong></span> <span class='ocrx_word' id='word_1_196' title='bbox 606 2879 731 2965; x_wconf 86' lang='lat' dir='ltr'><strong>falsum,</strong></span> <span class='ocrx_word' id='word_1_197' title='bbox 755 2904 829 2949; x_wconf 88' lang='lat' dir='ltr'><strong>cum</strong></span> <span class='ocrx_word' id='word_1_198' title='bbox 851 2880 882 2949; x_wconf 92' lang='lat' dir='ltr'><strong>id</strong></span> <span class='ocrx_word' id='word_1_199' title='bbox 906 2905 975 2948; x_wconf 89' lang='lat' dir='ltr'><strong>non</strong></span> <span class='ocrx_word' id='word_1_200' title='bbox 989 2892 1112 2970; x_wconf 90' lang='lat' dir='ltr'><strong>peteret</strong></span> <span class='ocrx_word' id='word_1_201' title='bbox 1134 2904 1194 2949; x_wconf 91' lang='lat' dir='ltr'><strong>nec</strong></span> <span class='ocrx_word' id='word_1_202' title='bbox 1211 2882 1305 2950; x_wconf 84' lang='lat' dir='ltr'><strong>ctiam</strong></span> <span class='ocrx_word' id='word_1_203' title='bbox 1330 2881 1477 2950; x_wconf 88' lang='lat' dir='ltr'><strong>notitiam</strong></span> <span class='ocrx_word' id='word_1_204' title='bbox 1501 2880 1644 2949; x_wconf 85' lang='lat' dir='ltr'><strong>habuerit</strong></span> 
     </span>
     <span class='ocr_line' id='line_1_23' title="bbox 269 2985 1182 3076; baseline 0.003 -25"><span class='ocrx_word' id='word_1_205' title='bbox 269 2986 498 3075; x_wconf 89' lang='lat' dir='ltr'><strong>impetrationis</strong></span> <span class='ocrx_word' id='word_1_206' title='bbox 521 2985 694 3056; x_wconf 91' lang='lat' dir='ltr'><strong>litterarum</strong></span> <span class='ocrx_word' id='word_1_207' title='bbox 718 2986 964 3076; x_wconf 89' lang='lat' dir='ltr'><strong>dispensationis</strong></span> <span class='ocrx_word' id='word_1_208' title='bbox 987 2986 1182 3056; x_wconf 85' lang='lat' dir='ltr'><strong>huiusmodi.</strong></span> 
     </span>
    </p>

    <p class='ocr_par' dir='ltr' id='par_1_9' title="bbox 268 3090 1643 3500">
     <span class='ocr_line' id='line_1_24' title="bbox 373 3090 1643 3184; baseline -0.001 -24"><span class='ocrx_word' id='word_1_209' title='bbox 373 3091 533 3175; x_wconf 89' lang='lat' dir='ltr'><strong>Secund0,</strong></span> <span class='ocrx_word' id='word_1_210' title='bbox 557 3092 644 3184; x_wconf 92' lang='lat' dir='ltr'><strong>quod</strong></span> <span class='ocrx_word' id='word_1_211' title='bbox 667 3095 908 3162; x_wconf 87' lang='lat' dir='ltr'><strong>matrimonium</strong></span> <span class='ocrx_word' id='word_1_212' title='bbox 932 3093 1175 3163; x_wconf 86' lang='lat' dir='ltr'><strong>contrahebatur</strong></span> <span class='ocrx_word' id='word_1_213' title='bbox 1198 3095 1322 3162; x_wconf 90' lang='lat' dir='ltr'><strong>ratione</strong></span> <span class='ocrx_word' id='word_1_214' title='bbox 1343 3092 1553 3162; x_wconf 85' lang='lat' dir='ltr'><strong>conservandi</strong></span> <span class='ocrx_word' id='word_1_215' title='bbox 1575 3090 1643 3160; x_wconf 85' lang='lat' dir='ltr'><strong>foe·</strong></span> 
     </span>
     <span class='ocr_line' id='line_1_25' title="bbox 269 3196 1642 3289; baseline -0.001 -22"><span class='ocrx_word' id='word_1_216' title='bbox 269 3196 349 3267; x_wconf 90' lang='lat' dir='ltr'><strong>deris</strong></span> <span class='ocrx_word' id='word_1_217' title='bbox 374 3211 405 3267; x_wconf 90' lang='lat' dir='ltr'><strong>et</strong></span> <span class='ocrx_word' id='word_1_218' title='bbox 428 3201 524 3288; x_wconf 86' lang='lat' dir='ltr'><strong>pacis,</strong></span> <span class='ocrx_word' id='word_1_219' title='bbox 548 3222 643 3289; x_wconf 86' lang='lat' dir='ltr'><strong>quam</strong></span> <span class='ocrx_word' id='word_1_220' title='bbox 667 3224 793 3268; x_wconf 88' lang='lat' dir='ltr'><strong>causam</strong></span> <span class='ocrx_word' id='word_1_221' title='bbox 818 3199 927 3269; x_wconf 89' lang='lat' dir='ltr'><strong>dicunt</strong></span> <span class='ocrx_word' id='word_1_222' title='bbox 951 3224 1018 3268; x_wconf 89' lang='lat' dir='ltr'><strong>non</strong></span> <span class='ocrx_word' id='word_1_223' title='bbox 1043 3224 1112 3269; x_wconf 91' lang='lat' dir='ltr'><strong>esse</strong></span> <span class='ocrx_word' id='word_1_224' title='bbox 1136 3224 1196 3269; x_wconf 92' lang='lat' dir='ltr'><strong>nec</strong></span> <span class='ocrx_word' id='word_1_225' title='bbox 1219 3198 1431 3268; x_wconf 87' lang='lat' dir='ltr'><strong>sufficientem</strong></span> <span class='ocrx_word' id='word_1_226' title='bbox 1455 3197 1493 3267; x_wconf 89' lang='lat' dir='ltr'><strong>ad</strong></span> <span class='ocrx_word' id='word_1_227' title='bbox 1517 3197 1642 3287; x_wconf 91' lang='lat' dir='ltr'><strong>dispen-</strong></span> 
     </span>
     <span class='ocr_line' id='line_1_26' title="bbox 268 3303 1642 3397; baseline -0.001 -25"><span class='ocrx_word' id='word_1_228' title='bbox 268 3305 425 3373; x_wconf 88' lang='lat' dir='ltr'><strong>sationem</strong></span> <span class='ocrx_word' id='word_1_229' title='bbox 449 3304 706 3389; x_wconf 88' lang='lat' dir='ltr'><strong>concedendam,</strong></span> <span class='ocrx_word' id='word_1_230' title='bbox 736 3331 810 3374; x_wconf 88' lang='lat' dir='ltr'><strong>cum</strong></span> <span class='ocrx_word' id='word_1_231' title='bbox 834 3306 955 3375; x_wconf 91' lang='lat' dir='ltr'><strong>nullum</strong></span> <span class='ocrx_word' id='word_1_232' title='bbox 983 3308 1197 3397; x_wconf 89' lang='lat' dir='ltr'><strong>praevenisset</strong></span> <span class='ocrx_word' id='word_1_233' title='bbox 1222 3305 1356 3389; x_wconf 89' lang='lat' dir='ltr'><strong>bellum,</strong></span> <span class='ocrx_word' id='word_1_234' title='bbox 1384 3328 1444 3373; x_wconf 88' lang='lat' dir='ltr'><strong>nec</strong></span> <span class='ocrx_word' id='word_1_235' title='bbox 1470 3303 1642 3374; x_wconf 88' lang='lat' dir='ltr'><strong>admittunt</strong></span> 
     </span>
     <span class='ocr_line' id='line_1_27' title="bbox 269 3410 1381 3500; baseline 0.001 -22"><span class='ocrx_word' id='word_1_236' title='bbox 269 3435 393 3480; x_wconf 90' lang='lat' dir='ltr'><strong>causam</strong></span> <span class='ocrx_word' id='word_1_237' title='bbox 417 3413 503 3500; x_wconf 90' lang='lat' dir='ltr'><strong>pacis</strong></span> <span class='ocrx_word' id='word_1_238' title='bbox 526 3412 762 3481; x_wconf 89' lang='lat' dir='ltr'><strong>conservandae</strong></span> <span class='ocrx_word' id='word_1_239' title='bbox 786 3414 819 3480; x_wconf 93' lang='lat' dir='ltr'><strong>in</strong></span> <span class='ocrx_word' id='word_1_240' title='bbox 843 3436 915 3481; x_wconf 88' lang='lat' dir='ltr'><strong>casu</strong></span> <span class='ocrx_word' id='word_1_241' title='bbox 939 3413 1001 3481; x_wconf 91' lang='lat' dir='ltr'><strong>isto</strong></span> <span class='ocrx_word' id='word_1_242' title='bbox 1025 3411 1237 3480; x_wconf 87' lang='lat' dir='ltr'><strong>sufficientem</strong></span> <span class='ocrx_word' id='word_1_243' title='bbox 1260 3410 1381 3480; x_wconf 83' lang='lat' dir='ltr'><strong>fuisse.¹</strong></span> 
     </span>
    </p>

    <p class='ocr_par' dir='ltr' id='par_1_10' title="bbox 270 3517 1640 3715">
     <span class='ocr_line' id='line_1_28' title="bbox 373 3517 1640 3609; baseline -0.001 -25"><span class='ocrx_word' id='word_1_244' title='bbox 373 3517 486 3586; x_wconf 89' lang='lat' dir='ltr'><strong>Tertio</strong></span> <span class='ocrx_word' id='word_1_245' title='bbox 503 3519 575 3607; x_wconf 91' lang='lat' dir='ltr'><strong>quia</strong></span> <span class='ocrx_word' id='word_1_246' title='bbox 590 3536 666 3587; x_wconf 88' lang='lat' dir='ltr'><strong>tunc</strong></span> <span class='ocrx_word' id='word_1_247' title='bbox 682 3520 836 3609; x_wconf 91' lang='lat' dir='ltr'><strong>temporis</strong></span> <span class='ocrx_word' id='word_1_248' title='bbox 853 3521 1037 3608; x_wconf 86' lang='lat' dir='ltr'><strong>impetratae</strong></span> <span class='ocrx_word' id='word_1_249' title='bbox 1054 3517 1298 3607; x_wconf 86' lang='lat' dir='ltr'><strong>dispensationis</strong></span> <span class='ocrx_word' id='word_1_250' title='bbox 1314 3529 1380 3586; x_wconf 86' lang='lat' dir='ltr'><strong>etat</strong></span> <span class='ocrx_word' id='word_1_251' title='bbox 1394 3517 1456 3585; x_wconf 90' lang='lat' dir='ltr'><strong>XII</strong></span> <span class='ocrx_word' id='word_1_252' title='bbox 1470 3539 1640 3598; x_wconf 88' lang='lat' dir='ltr'><strong>annorum,</strong></span> 
     </span>
     <span class='ocr_line' id='line_1_29' title="bbox 270 3622 1539 3715; baseline -0.002 -24"><span class='ocrx_word' id='word_1_253' title='bbox 270 3635 299 3691; x_wconf 92' lang='lat' dir='ltr'><strong>et</strong></span> <span class='ocrx_word' id='word_1_254' title='bbox 322 3625 366 3692; x_wconf 90' lang='lat' dir='ltr'><strong>sic</strong></span> <span class='ocrx_word' id='word_1_255' title='bbox 390 3647 459 3692; x_wconf 89' lang='lat' dir='ltr'><strong>non</strong></span> <span class='ocrx_word' id='word_1_256' title='bbox 481 3624 640 3713; x_wconf 84' lang='lat' dir='ltr'><strong>legitimae</strong></span> <span class='ocrx_word' id='word_1_257' title='bbox 663 3626 790 3709; x_wconf 84' lang='lat' dir='ltr'><strong>aetatis3</strong></span> <span class='ocrx_word' id='word_1_258' title='bbox 823 3623 879 3693; x_wconf 91' lang='lat' dir='ltr'><strong>sed</strong></span> <span class='ocrx_word' id='word_1_259' title='bbox 902 3623 1122 3714; x_wconf 89' lang='lat' dir='ltr'><strong>respondetur,</strong></span> <span class='ocrx_word' id='word_1_260' title='bbox 1145 3624 1232 3715; x_wconf 93' lang='lat' dir='ltr'><strong>quod</strong></span> <span class='ocrx_word' id='word_1_261' title='bbox 1256 3635 1323 3692; x_wconf 90' lang='lat' dir='ltr'><strong>erat</strong></span> <span class='ocrx_word' id='word_1_262' title='bbox 1344 3622 1410 3692; x_wconf 94' lang='lat' dir='ltr'><strong>doli</strong></span> <span class='ocrx_word' id='word_1_263' title='bbox 1433 3645 1539 3712; x_wconf 82' lang='lat' dir='ltr'><strong>capax.</strong></span> 
     </span>
    </p>

    <p class='ocr_par' dir='ltr' id='par_1_11' title="bbox 268 3728 1640 4033">
     <span class='ocr_line' id='line_1_30' title="bbox 372 3728 1640 3822; baseline -0.002 -24"><span class='ocrx_word' id='word_1_264' title='bbox 372 3731 510 3814; x_wconf 82' lang='lat' dir='ltr'><strong>Quarto,</strong></span> <span class='ocrx_word' id='word_1_265' title='bbox 534 3731 621 3822; x_wconf 91' lang='lat' dir='ltr'><strong>quod</strong></span> <span class='ocrx_word' id='word_1_266' title='bbox 637 3732 757 3822; x_wconf 90' lang='lat' dir='ltr'><strong>aliquae</strong></span> <span class='ocrx_word' id='word_1_267' title='bbox 781 3756 820 3799; x_wconf 86' lang='lat' dir='ltr'><strong>ex</strong></span> <span class='ocrx_word' id='word_1_268' title='bbox 842 3732 987 3821; x_wconf 90' lang='lat' dir='ltr'><strong>personis</strong></span> <span class='ocrx_word' id='word_1_269' title='bbox 1010 3732 1184 3799; x_wconf 89' lang='lat' dir='ltr'><strong>nominatis</strong></span> <span class='ocrx_word' id='word_1_270' title='bbox 1206 3732 1239 3798; x_wconf 92' lang='lat' dir='ltr'><strong>in</strong></span> <span class='ocrx_word' id='word_1_271' title='bbox 1263 3730 1372 3799; x_wconf 90' lang='lat' dir='ltr'><strong>litteris</strong></span> <span class='ocrx_word' id='word_1_272' title='bbox 1396 3728 1640 3817; x_wconf 87' lang='lat' dir='ltr'><strong>dispensationis</strong></span> 
     </span>
     <span class='ocr_line' id='line_1_31' title="bbox 268 3833 1639 3928; baseline -0.001 -24"><span class='ocrx_word' id='word_1_273' title='bbox 268 3855 342 3905; x_wconf 91' lang='lat' dir='ltr'><strong>tunc</strong></span> <span class='ocrx_word' id='word_1_274' title='bbox 366 3848 455 3905; x_wconf 90' lang='lat' dir='ltr'><strong>erant</strong></span> <span class='ocrx_word' id='word_1_275' title='bbox 478 3835 658 3922; x_wconf 85' lang='lat' dir='ltr'><strong>defunctae,</strong></span> <span class='ocrx_word' id='word_1_276' title='bbox 687 3849 719 3906; x_wconf 90' lang='lat' dir='ltr'><strong>et</strong></span> <span class='ocrx_word' id='word_1_277' title='bbox 741 3851 908 3928; x_wconf 89' lang='lat' dir='ltr'><strong>propterea</strong></span> <span class='ocrx_word' id='word_1_278' title='bbox 930 3835 1156 3927; x_wconf 88' lang='lat' dir='ltr'><strong>praetendunt,</strong></span> <span class='ocrx_word' id='word_1_279' title='bbox 1185 3860 1223 3904; x_wconf 84' lang='lat' dir='ltr'><strong>ex</strong></span> <span class='ocrx_word' id='word_1_280' title='bbox 1246 3836 1304 3904; x_wconf 91' lang='lat' dir='ltr'><strong>hac</strong></span> <span class='ocrx_word' id='word_1_281' title='bbox 1332 3833 1407 3903; x_wconf 87' lang='lat' dir='ltr'><strong>falsa</strong></span> <span class='ocrx_word' id='word_1_282' title='bbox 1434 3836 1639 3924; x_wconf 86' lang='lat' dir='ltr'><strong>expressione</strong></span> 
     </span>
     <span class='ocr_line' id='line_1_32' title="bbox 268 3941 826 4033; baseline 0.004 -24"><span class='ocrx_word' id='word_1_283' title='bbox 268 3941 384 4012; x_wconf 88' lang='lat' dir='ltr'><strong>litteras</strong></span> <span class='ocrx_word' id='word_1_284' title='bbox 406 3944 489 4032; x_wconf 90' lang='lat' dir='ltr'><strong>ipsas</strong></span> <span class='ocrx_word' id='word_1_285' title='bbox 513 3966 582 4012; x_wconf 91' lang='lat' dir='ltr'><strong>esse</strong></span> <span class='ocrx_word' id='word_1_286' title='bbox 605 3945 826 4033; x_wconf 86' lang='lat' dir='ltr'><strong>surreptitias.¹</strong></span> 
     </span>
    </p>

    <p class='ocr_par' dir='ltr' id='par_1_12' title="bbox 267 4044 1639 4351">
     <span class='ocr_line' id='line_1_33' title="bbox 372 4044 1639 4141; baseline -0.002 -25"><span class='ocrx_word' id='word_1_287' title='bbox 372 4049 498 4130; x_wconf 92' lang='lat' dir='ltr'><strong>Quinto</strong></span> <span class='ocrx_word' id='word_1_288' title='bbox 523 4061 555 4118; x_wconf 91' lang='lat' dir='ltr'><strong>et</strong></span> <span class='ocrx_word' id='word_1_289' title='bbox 578 4049 702 4133; x_wconf 89' lang='lat' dir='ltr'><strong>ultimo,</strong></span> <span class='ocrx_word' id='word_1_290' title='bbox 729 4051 762 4117; x_wconf 90' lang='lat' dir='ltr'><strong>in</strong></span> <span class='ocrx_word' id='word_1_291' title='bbox 786 4073 851 4141; x_wconf 90' lang='lat' dir='ltr'><strong>quo</strong></span> <span class='ocrx_word' id='word_1_292' title='bbox 875 4050 1019 4117; x_wconf 90' lang='lat' dir='ltr'><strong>consistit</strong></span> <span class='ocrx_word' id='word_1_293' title='bbox 1046 4061 1114 4117; x_wconf 88' lang='lat' dir='ltr'><strong>tota</strong></span> <span class='ocrx_word' id='word_1_294' title='bbox 1137 4046 1312 4130; x_wconf 87' lang='lat' dir='ltr'><strong>difficultas,</strong></span> <span class='ocrx_word' id='word_1_295' title='bbox 1342 4060 1374 4115; x_wconf 92' lang='lat' dir='ltr'><strong>et</strong></span> <span class='ocrx_word' id='word_1_296' title='bbox 1396 4049 1422 4114; x_wconf 88' lang='lat' dir='ltr'><strong>si</strong></span> <span class='ocrx_word' id='word_1_297' title='bbox 1445 4044 1524 4129; x_wconf 91' lang='lat' dir='ltr'><strong>hoc,</strong></span> <span class='ocrx_word' id='word_1_298' title='bbox 1551 4044 1639 4136; x_wconf 91' lang='lat' dir='ltr'><strong>quod</strong></span> 
     </span>
     <span class='ocr_line' id='line_1_34' title="bbox 268 4152 1638 4243; baseline -0.001 -21"><span class='ocrx_word' id='word_1_299' title='bbox 268 4154 385 4239; x_wconf 86' lang='lat' dir='ltr'><strong>dicunt,</strong></span> <span class='ocrx_word' id='word_1_300' title='bbox 410 4174 494 4224; x_wconf 89' lang='lat' dir='ltr'><strong>esset</strong></span> <span class='ocrx_word' id='word_1_301' title='bbox 517 4153 557 4224; x_wconf 90' lang='lat' dir='ltr'><strong>de</strong></span> <span class='ocrx_word' id='word_1_302' title='bbox 579 4157 647 4223; x_wconf 87' lang='lat' dir='ltr'><strong>iure</strong></span> <span class='ocrx_word' id='word_1_303' title='bbox 669 4179 797 4239; x_wconf 88' lang='lat' dir='ltr'><strong>verum,</strong></span> <span class='ocrx_word' id='word_1_304' title='bbox 821 4156 975 4224; x_wconf 87' lang='lat' dir='ltr'><strong>Sanctitas</strong></span> <span class='ocrx_word' id='word_1_305' title='bbox 991 4157 1106 4223; x_wconf 89' lang='lat' dir='ltr'><strong>Vestra</strong></span> <span class='ocrx_word' id='word_1_306' title='bbox 1135 4165 1244 4243; x_wconf 88' lang='lat' dir='ltr'><strong>posset</strong></span> <span class='ocrx_word' id='word_1_307' title='bbox 1267 4152 1424 4221; x_wconf 88' lang='lat' dir='ltr'><strong>declarare</strong></span> <span class='ocrx_word' id='word_1_308' title='bbox 1447 4174 1542 4241; x_wconf 88' lang='lat' dir='ltr'><strong>super</strong></span> <span class='ocrx_word' id='word_1_309' title='bbox 1565 4152 1638 4235; x_wconf 93' lang='lat' dir='ltr'><strong>hoc,</strong></span> 
     </span>
     <span class='ocr_line' id='line_1_35' title="bbox 267 4255 1639 4351; baseline -0.004 -21"><span class='ocrx_word' id='word_1_310' title='bbox 267 4261 353 4351; x_wconf 91' lang='lat' dir='ltr'><strong>quod</strong></span> <span class='ocrx_word' id='word_1_311' title='bbox 381 4262 456 4329; x_wconf 89' lang='lat' dir='ltr'><strong>iuris</strong></span> <span class='ocrx_word' id='word_1_312' title='bbox 484 4273 576 4330; x_wconf 90' lang='lat' dir='ltr'><strong>esset.</strong></span> <span class='ocrx_word' id='word_1_313' title='bbox 622 4260 837 4331; x_wconf 88' lang='lat' dir='ltr'><strong>Praetendunt</strong></span> <span class='ocrx_word' id='word_1_314' title='bbox 860 4263 963 4344; x_wconf 91' lang='lat' dir='ltr'><strong>euim,</strong></span> <span class='ocrx_word' id='word_1_315' title='bbox 991 4259 1077 4351; x_wconf 93' lang='lat' dir='ltr'><strong>quod</strong></span> <span class='ocrx_word' id='word_1_316' title='bbox 1105 4284 1160 4329; x_wconf 84' lang='lat' dir='ltr'><strong>rex</strong></span> <span class='ocrx_word' id='word_1_317' title='bbox 1188 4271 1380 4349; x_wconf 89' lang='lat' dir='ltr'><strong>protestatus</strong></span> <span class='ocrx_word' id='word_1_318' title='bbox 1408 4260 1523 4341; x_wconf 88' lang='lat' dir='ltr'><strong>luerat,</strong></span> <span class='ocrx_word' id='word_1_319' title='bbox 1551 4255 1639 4347; x_wconf 88' lang='lat' dir='ltr'><strong>quod</strong></span> 
     </span>
    </p>
   </div>
   <div class='ocr_carea' id='block_1_8' title="bbox 269 4449 1637 4661">
    <p class='ocr_par' dir='ltr' id='par_1_13' title="bbox 269 4449 1637 4661">
     <span class='ocr_line' id='line_1_36' title="bbox 374 4449 1636 4528; baseline -0.003 -18"><span class='ocrx_word' id='word_1_320' title='bbox 374 4464 384 4494; x_wconf 88' lang='lat'><strong>¹</strong></span> <span class='ocrx_word' id='word_1_321' title='bbox 401 4456 453 4510; x_wconf 88' lang='lat' dir='ltr'><strong>Die</strong></span> <span class='ocrx_word' id='word_1_322' title='bbox 472 4455 655 4511; x_wconf 86' lang='lat' dir='ltr'><strong>betreffenden</strong></span> <span class='ocrx_word' id='word_1_323' title='bbox 667 4456 763 4511; x_wconf 88' lang='lat' dir='ltr'><strong>Worte</strong></span> <span class='ocrx_word' id='word_1_324' title='bbox 782 4457 808 4510; x_wconf 85' lang='lat' dir='ltr'><strong>iu</strong></span> <span class='ocrx_word' id='word_1_325' title='bbox 827 4456 874 4511; x_wconf 89' lang='lat' dir='ltr'><strong>der</strong></span> <span class='ocrx_word' id='word_1_326' title='bbox 887 4456 1075 4528; x_wconf 86' lang='lat' dir='ltr'><strong>Dispensbulle</strong></span> <span class='ocrx_word' id='word_1_327' title='bbox 1089 4455 1181 4527; x_wconf 90' lang='lat' dir='ltr'><strong>Julius’</strong></span> <span class='ocrx_word' id='word_1_328' title='bbox 1194 4455 1227 4510; x_wconf 91' lang='lat'><strong>11.</strong></span> <span class='ocrx_word' id='word_1_329' title='bbox 1246 4454 1348 4509; x_wconf 86' lang='lat' dir='ltr'><strong>lauten:</strong></span> <span class='ocrx_word' id='word_1_330' title='bbox 1368 4453 1401 4507; x_wconf 88' lang='lat' dir='ltr'><strong>ad</strong></span> <span class='ocrx_word' id='word_1_331' title='bbox 1420 4453 1481 4520; x_wconf 88' lang='lat' dir='ltr'><strong>hoc,</strong></span> <span class='ocrx_word' id='word_1_332' title='bbox 1500 4461 1529 4507; x_wconf 91' lang='lat' dir='ltr'><strong>ut</strong></span> <span class='ocrx_word' id='word_1_333' title='bbox 1547 4449 1636 4506; x_wconf 86' lang='lat' dir='ltr'><strong>huius·</strong></span> 
     </span>
     <span class='ocr_line' id='line_1_37' title="bbox 269 4523 1636 4598; baseline -0.003 -18"><span class='ocrx_word' id='word_1_334' title='bbox 269 4526 341 4581; x_wconf 88' lang='lat' dir='ltr'><strong>modi</strong></span> <span class='ocrx_word' id='word_1_335' title='bbox 362 4526 479 4581; x_wconf 84' lang='lat' dir='ltr'><strong>viuclum</strong></span> <span class='ocrx_word' id='word_1_336' title='bbox 522 4528 576 4581; x_wconf 88' lang='lat' dir='ltr'><strong>acis</strong></span> <span class='ocrx_word' id='word_1_337' title='bbox 601 4537 628 4581; x_wconf 88' lang='lat' dir='ltr'><strong>et</strong></span> <span class='ocrx_word' id='word_1_338' title='bbox 653 4528 784 4582; x_wconf 89' lang='lat' dir='ltr'><strong>amicitiae</strong></span> <span class='ocrx_word' id='word_1_339' title='bbox 808 4528 877 4581; x_wconf 89' lang='lat' dir='ltr'><strong>inter</strong></span> <span class='ocrx_word' id='word_1_340' title='bbox 918 4527 1034 4582; x_wconf 81' lang='lat' dir='ltr'><strong>raesatos</strong></span> <span class='ocrx_word' id='word_1_341' title='bbox 1058 4544 1137 4598; x_wconf 84' lang='lat' dir='ltr'><strong>reges</strong></span> <span class='ocrx_word' id='word_1_342' title='bbox 1163 4535 1189 4580; x_wconf 89' lang='lat' dir='ltr'><strong>et</strong></span> <span class='ocrx_word' id='word_1_343' title='bbox 1213 4542 1242 4580; x_wconf 92' lang='lat' dir='ltr'><strong>re</strong></span> <span class='ocrx_word' id='word_1_344' title='bbox 1263 4525 1270 4538; x_wconf 79' lang='grc'><strong><em>’</em></strong></span> <span class='ocrx_word' id='word_1_345' title='bbox 1291 4539 1332 4580; x_wconf 86' lang='lat' dir='ltr'><strong>arn</strong></span> <span class='ocrx_word' id='word_1_346' title='bbox 1356 4523 1451 4578; x_wconf 87' lang='lat' dir='ltr'><strong>diutius</strong></span> <span class='ocrx_word' id='word_1_347' title='bbox 1474 4530 1636 4594; x_wconf 89' lang='lat' dir='ltr'><strong>permaneat.</strong></span> 
     </span>
     <span class='ocr_line' id='line_1_38' title="bbox 270 4545 1637 4661; baseline -0.003 -11"><span class='ocrx_word' id='word_1_348' title='bbox 270 4596 366 4652; x_wconf 90' lang='lat' dir='ltr'><strong>Burnet</strong></span> <span class='ocrx_word' id='word_1_349' title='bbox 385 4545 535 4653; x_wconf 84' lang='lat' dir='ltr'><strong>1.c011.l1.</strong></span> <span class='ocrx_word' id='word_1_350' title='bbox 554 4615 581 4653; x_wconf 86' lang='lat' dir='ltr'><strong>n.</strong></span> <span class='ocrx_word' id='word_1_351' title='bbox 597 4613 619 4652; x_wconf 91' lang='lat'><strong>1.</strong></span> <span class='ocrx_word' id='word_1_352' title='bbox 651 4598 745 4653; x_wconf 89' lang='lat' dir='ltr'><strong>Wolse</strong></span> <span class='ocrx_word' id='word_1_353' title='bbox 776 4597 869 4652; x_wconf 92' lang='lat' dir='ltr'><strong>wollte</strong></span> <span class='ocrx_word' id='word_1_354' title='bbox 905 4598 979 4653; x_wconf 87' lang='lat' dir='ltr'><strong>iesen</strong></span> <span class='ocrx_word' id='word_1_355' title='bbox 993 4597 1086 4653; x_wconf 89' lang='lat' dir='ltr'><strong>Grund</strong></span> <span class='ocrx_word' id='word_1_356' title='bbox 1102 4596 1205 4651; x_wconf 81' lang='lat' dir='ltr'><strong>hintalti</strong></span> <span class='ocrx_word' id='word_1_357' title='bbox 1280 4594 1339 4661; x_wconf 90' lang='lat' dir='ltr'><strong>den,</strong></span> <span class='ocrx_word' id='word_1_358' title='bbox 1359 4593 1422 4649; x_wconf 87' lang='lat' dir='ltr'><strong>weil</strong></span> <span class='ocrx_word' id='word_1_359' title='bbox 1440 4592 1541 4647; x_wconf 88' lang='lat' dir='ltr'><strong>damals</strong></span> <span class='ocrx_word' id='word_1_360' title='bbox 1560 4593 1637 4647; x_wconf 81' lang='lat' dir='ltr'><strong>helne</strong></span> 
     </span>
    </p>
   </div>
   <div class='ocr_carea' id='block_1_9' title="bbox 269 4613 1637 4810">
    <p class='ocr_par' dir='ltr' id='par_1_14' title="bbox 269 4613 1637 4810">
     <span class='ocr_line' id='line_1_39' title="bbox 269 4613 1637 4792; baseline -0.001 -73"><span class='ocrx_word' id='word_1_361' title='bbox 269 4665 436 4723; x_wconf 78' lang='lat' dir='ltr'><strong>Peindschatt</strong></span> <span class='ocrx_word' id='word_1_362' title='bbox 455 4668 521 4723; x_wconf 89' lang='lat' dir='ltr'><strong>oder</strong></span> <span class='ocrx_word' id='word_1_363' title='bbox 533 4666 634 4723; x_wconf 87' lang='lat' dir='ltr'><strong>Gefahr</strong></span> <span class='ocrx_word' id='word_1_364' title='bbox 653 4670 726 4723; x_wconf 89' lang='lat' dir='ltr'><strong>eines</strong></span> <span class='ocrx_word' id='word_1_365' title='bbox 744 4618 858 4792; x_wconf 69' lang='lat' dir='ltr'><strong>liriepes</strong></span> <span class='ocrx_word' id='word_1_366' title='bbox 876 4670 1012 4724; x_wconf 85' lang='lat' dir='ltr'><strong>zwischen</strong></span> <span class='ocrx_word' id='word_1_367' title='bbox 1030 4667 1153 4741; x_wconf 77' lang='lat' dir='ltr'><strong>England</strong></span> <span class='ocrx_word' id='word_1_368' title='bbox 1171 4613 1225 4722; x_wconf 63' lang='lat' dir='ltr'><strong>uni</strong></span> <span class='ocrx_word' id='word_1_369' title='bbox 1242 4665 1358 4736; x_wconf 85' lang='lat' dir='ltr'><strong>Spanien</strong></span> <span class='ocrx_word' id='word_1_370' title='bbox 1377 4663 1541 4735; x_wconf 83' lang='lat' dir='ltr'><strong>obgewaltet</strong></span> <span class='ocrx_word' id='word_1_371' title='bbox 1560 4663 1637 4718; x_wconf 87' lang='lat' dir='ltr'><strong>habe.</strong></span> 
     </span>
     <span class='ocr_line' id='line_1_40' title="bbox 270 4738 1005 4810; baseline 0.004 -19"><span class='ocrx_word' id='word_1_372' title='bbox 270 4738 295 4794; x_wconf 90' lang='lat' dir='ltr'><strong>S.</strong></span> <span class='ocrx_word' id='word_1_373' title='bbox 313 4739 387 4794; x_wconf 87' lang='lat' dir='ltr'><strong>seine</strong></span> <span class='ocrx_word' id='word_1_374' title='bbox 406 4738 568 4793; x_wconf 85' lang='lat' dir='ltr'><strong>lustrulrtion</strong></span> <span class='ocrx_word' id='word_1_375' title='bbox 586 4757 620 4793; x_wconf 89' lang='lat' dir='ltr'><strong>an</strong></span> <span class='ocrx_word' id='word_1_376' title='bbox 640 4739 722 4810; x_wconf 83' lang='lat' dir='ltr'><strong>Greg.</strong></span> <span class='ocrx_word' id='word_1_377' title='bbox 742 4738 838 4794; x_wconf 87' lang='lat' dir='ltr'><strong>Casae</strong></span> <span class='ocrx_word' id='word_1_378' title='bbox 856 4739 873 4794; x_wconf 94' lang='lat' dir='ltr'><strong>l.</strong></span> <span class='ocrx_word' id='word_1_379' title='bbox 893 4757 916 4794; x_wconf 90' lang='lat' dir='ltr'><strong>c.</strong></span> <span class='ocrx_word' id='word_1_380' title='bbox 935 4757 961 4795; x_wconf 90' lang='lat' dir='ltr'><strong>n.</strong></span> <span class='ocrx_word' id='word_1_381' title='bbox 983 4756 1005 4810; x_wconf 84' lang='lat'><strong>3.</strong></span> 
     </span>
    </p>
   </div>
   <div class='ocr_carea' id='block_1_10' title="bbox 270 4802 1637 5025">
    <p class='ocr_par' dir='ltr' id='par_1_15' title="bbox 270 4802 1637 5025">
     <span class='ocr_line' id='line_1_41' title="bbox 311 4802 1637 4930; baseline -0.004 -67"><span class='ocrx_word' id='word_1_382' title='bbox 311 4879 318 4893; x_wconf 94' lang='lat'><strong>.</strong></span> <span class='ocrx_word' id='word_1_383' title='bbox 351 4817 384 4894; x_wconf 40' lang='lat'><strong>,¹</strong></span> <span class='ocrx_word' id='word_1_384' title='bbox 405 4808 437 4863; x_wconf 90' lang='lat' dir='ltr'><strong>In</strong></span> <span class='ocrx_word' id='word_1_385' title='bbox 456 4809 523 4892; x_wconf 28' lang='lat' dir='ltr'><strong>‘dem</strong></span> <span class='ocrx_word' id='word_1_386' title='bbox 547 4809 678 4894; x_wconf 72' lang='lat' dir='ltr'><strong>Zeitraum</strong></span> <span class='ocrx_word' id='word_1_387' title='bbox 705 4811 840 4866; x_wconf 84' lang='lat' dir='ltr'><strong>zwischen</strong></span> <span class='ocrx_word' id='word_1_388' title='bbox 863 4808 1112 4892; x_wconf 41' lang='lat' dir='ltr'><strong>hosstellunguder</strong></span> <span class='ocrx_word' id='word_1_389' title='bbox 1135 4807 1269 4930; x_wconf 56' lang='lat' dir='ltr'><strong>Di‘fflm.</strong></span> <span class='ocrx_word' id='word_1_390' title='bbox 1293 4803 1347 4859; x_wconf 89' lang='lat' dir='ltr'><strong>und</strong></span> <span class='ocrx_word' id='word_1_391' title='bbox 1369 4803 1486 4875; x_wconf 83' lang='lat' dir='ltr'><strong>Vollzug</strong></span> <span class='ocrx_word' id='word_1_392' title='bbox 1509 4802 1556 4857; x_wconf 89' lang='lat' dir='ltr'><strong>der</strong></span> <span class='ocrx_word' id='word_1_393' title='bbox 1579 4803 1637 4858; x_wconf 83' lang='lat' dir='ltr'><strong>Ehe</strong></span> 
     </span>
     <span class='ocr_line' id='line_1_42' title="bbox 270 4873 1636 4946; baseline -0.004 -14"><span class='ocrx_word' id='word_1_394' title='bbox 270 4877 407 4935; x_wconf 86' lang='lat' dir='ltr'><strong>Hemnchs</strong></span> <span class='ocrx_word' id='word_1_395' title='bbox 426 4888 474 4934; x_wconf 78' lang='lat' dir='ltr'><strong>mit</strong></span> <span class='ocrx_word' id='word_1_396' title='bbox 492 4879 636 4935; x_wconf 87' lang='lat' dir='ltr'><strong>Kathanoa</strong></span> <span class='ocrx_word' id='word_1_397' title='bbox 654 4896 746 4935; x_wconf 88' lang='lat' dir='ltr'><strong>waren</strong></span> <span class='ocrx_word' id='word_1_398' title='bbox 763 4880 875 4935; x_wconf 90' lang='lat' dir='ltr'><strong>Isabella</strong></span> <span class='ocrx_word' id='word_1_399' title='bbox 892 4898 945 4935; x_wconf 90' lang='lat' dir='ltr'><strong>von</strong></span> <span class='ocrx_word' id='word_1_400' title='bbox 960 4879 1089 4935; x_wconf 86' lang='lat' dir='ltr'><strong>Kasnhen</strong></span> <span class='ocrx_word' id='word_1_401' title='bbox 1108 4877 1160 4932; x_wconf 92' lang='lat' dir='ltr'><strong>und</strong></span> <span class='ocrx_word' id='word_1_402' title='bbox 1205 4875 1305 4930; x_wconf 84' lang='lat' dir='ltr'><strong>ernnch</strong></span> <span class='ocrx_word' id='word_1_403' title='bbox 1319 4874 1377 4929; x_wconf 88' lang='lat' dir='ltr'><strong>VII.</strong></span> <span class='ocrx_word' id='word_1_404' title='bbox 1396 4873 1555 4946; x_wconf 77' lang='lat' dir='ltr'><strong>gestorben3</strong></span> <span class='ocrx_word' id='word_1_405' title='bbox 1575 4873 1636 4928; x_wconf 89' lang='lat' dir='ltr'><strong>des·</strong></span> 
     </span>
     <span class='ocr_line' id='line_1_43' title="bbox 270 4942 1635 5025; baseline -0.003 -22"><span class='ocrx_word' id='word_1_406' title='bbox 270 4948 330 5006; x_wconf 84' lang='lat' dir='ltr'><strong>halb</strong></span> <span class='ocrx_word' id='word_1_407' title='bbox 347 4950 427 5007; x_wconf 89' lang='lat' dir='ltr'><strong>sollte</strong></span> <span class='ocrx_word' id='word_1_408' title='bbox 445 4948 487 5004; x_wconf 86' lang='lat' dir='ltr'><strong>die</strong></span> <span class='ocrx_word' id='word_1_409' title='bbox 499 4951 632 5022; x_wconf 88' lang='lat' dir='ltr'><strong>Dispense</strong></span> <span class='ocrx_word' id='word_1_410' title='bbox 650 4951 774 5025; x_wconf 78' lang='lat' dir='ltr'><strong>ungttltig</strong></span> <span class='ocrx_word' id='word_1_411' title='bbox 787 4952 853 5007; x_wconf 90' lang='lat' dir='ltr'><strong>sein.</strong></span> <span class='ocrx_word' id='word_1_412' title='bbox 883 4950 972 5023; x_wconf 78' lang='lat' dir='ltr'><strong>Vergl</strong></span> <span class='ocrx_word' id='word_1_413' title='bbox 991 4951 1043 5005; x_wconf 88' lang='lat' dir='ltr'><strong>den</strong></span> <span class='ocrx_word' id='word_1_414' title='bbox 1062 4948 1219 5021; x_wconf 86' lang='lat' dir='ltr'><strong>englisehen</strong></span> <span class='ocrx_word' id='word_1_415' title='bbox 1230 4943 1356 5002; x_wconf 80' lang='lat' dir='ltr'><strong>Entwurf</strong></span> <span class='ocrx_word' id='word_1_416' title='bbox 1371 4944 1418 4999; x_wconf 89' lang='lat' dir='ltr'><strong>der</strong></span> <span class='ocrx_word' id='word_1_417' title='bbox 1430 4942 1635 5000; x_wconf 82' lang='lat' dir='ltr'><strong>Dekretalbulle.</strong></span> 
     </span>
    </p>
   </div>
   <div class='ocr_carea' id='block_1_11' title="bbox 272 5017 549 5077">
    <p class='ocr_par' dir='ltr' id='par_1_16' title="bbox 272 5017 549 5077">
     <span class='ocr_line' id='line_1_44' title="bbox 272 5017 549 5077; baseline 0.011 -5"><span class='ocrx_word' id='word_1_418' title='bbox 272 5017 368 5076; x_wconf 76' lang='lat' dir='ltr'><strong>burnet</strong></span> <span class='ocrx_word' id='word_1_419' title='bbox 384 5021 401 5077; x_wconf 94' lang='lat' dir='ltr'><strong>l.</strong></span> <span class='ocrx_word' id='word_1_420' title='bbox 422 5039 444 5077; x_wconf 87' lang='lat' dir='ltr'><strong>c.</strong></span> <span class='ocrx_word' id='word_1_421' title='bbox 463 5039 489 5076; x_wconf 92' lang='lat' dir='ltr'><strong>n.</strong></span> <span class='ocrx_word' id='word_1_422' title='bbox 510 5037 549 5076; x_wconf 92' lang='lat'><strong>10.</strong></span> 
     </span>
    </p>
   </div>
   <div class='ocr_carea' id='block_1_12' title="bbox 0 0 1914 5592">
    <p class='ocr_par' dir='ltr' id='par_1_17' title="bbox 0 0 1914 5592">
     <span class='ocr_line' id='line_1_45' title="bbox 0 0 1914 5592; baseline 0 0"><span class='ocrx_word' id='word_1_423' title='bbox 0 0 1914 5592; x_wconf 95' lang='lat' dir='ltr'><strong> </strong></span> 
     </span>
    </p>
   </div>
  </div>
 </body>
</html>
