<?xml version="1.0" encoding="UTF-8"?>
<!DOCTYPE html PUBLIC "-//W3C//DTD XHTML 1.0 Transitional//EN"
    "http://www.w3.org/TR/xhtml1/DTD/xhtml1-transitional.dtd">
<html xmlns="http://www.w3.org/1999/xhtml" xml:lang="en" lang="en">
 <head>
  <title>
</title>
<meta http-equiv="Content-Type" content="text/html;charset=utf-8" />
  <meta name='ocr-system' content='tesseract 3.04.00' />
  <meta name='ocr-capabilities' content='ocr_page ocr_carea ocr_par ocr_line ocrx_word'/>
</head>
<body>
  <div class='ocr_page' id='page_1' title='image "./rmischedokument01ehsegoog_0082.png"; bbox 0 0 3842 5592; ppageno 0'>
   <div class='ocr_carea' id='block_1_1' title="bbox 335 306 1703 378">
    <p class='ocr_par' dir='ltr' id='par_1_1' title="bbox 335 306 1703 378">
     <span class='ocr_line' id='line_1_1' title="bbox 335 306 1703 378; baseline 0.004 -22"><span class='ocrx_word' id='word_1_1' title='bbox 335 308 375 375; x_wconf 85' lang='lat'><strong>30</strong></span> <span class='ocrx_word' id='word_1_2' title='bbox 1533 306 1608 378; x_wconf 70' lang='lat' dir='ltr'><strong>apro</strong></span> <span class='ocrx_word' id='word_1_3' title='bbox 1630 306 1703 375; x_wconf 77' lang='lat'><strong>1528.</strong></span> 
     </span>
    </p>
   </div>
   <div class='ocr_carea' id='block_1_2' title="bbox 267 465 1703 1726">
    <p class='ocr_par' dir='ltr' id='par_1_2' title="bbox 267 465 1703 1726">
     <span class='ocr_line' id='line_1_2' title="bbox 333 465 1703 554; baseline -0.001 -19"><span class='ocrx_word' id='word_1_4' title='bbox 333 467 512 535; x_wconf 83' lang='lat' dir='ltr'><strong>executioni</strong></span> <span class='ocrx_word' id='word_1_5' title='bbox 535 465 755 536; x_wconf 74' lang='lat' dir='ltr'><strong>demandanda</strong></span> <span class='ocrx_word' id='word_1_6' title='bbox 769 467 989 554; x_wconf 86' lang='lat' dir='ltr'><strong>vicegerentes</strong></span> <span class='ocrx_word' id='word_1_7' title='bbox 1015 477 1145 534; x_wconf 88' lang='lat' dir='ltr'><strong>nostros</strong></span> <span class='ocrx_word' id='word_1_8' title='bbox 1162 466 1257 534; x_wconf 88' lang='lat' dir='ltr'><strong>etiam</strong></span> <span class='ocrx_word' id='word_1_9' title='bbox 1280 489 1319 533; x_wconf 87' lang='lat' dir='ltr'><strong>ex</strong></span> <span class='ocrx_word' id='word_1_10' title='bbox 1335 478 1419 535; x_wconf 88' lang='lat' dir='ltr'><strong>certa</strong></span> <span class='ocrx_word' id='word_1_11' title='bbox 1442 477 1551 534; x_wconf 88' lang='lat' dir='ltr'><strong>nostra</strong></span> <span class='ocrx_word' id='word_1_12' title='bbox 1573 467 1703 534; x_wconf 89' lang='lat' dir='ltr'><strong>scientia</strong></span> 
     </span>
     <span class='ocr_line' id='line_1_3' title="bbox 332 571 1703 662; baseline -0.001 -21"><span class='ocrx_word' id='word_1_13' title='bbox 332 597 478 642; x_wconf 87' lang='lat' dir='ltr'><strong>creamus</strong></span> <span class='ocrx_word' id='word_1_14' title='bbox 498 592 529 641; x_wconf 92' lang='lat' dir='ltr'><strong>et</strong></span> <span class='ocrx_word' id='word_1_15' title='bbox 552 571 749 662; x_wconf 85' lang='lat' dir='ltr'><strong>deputamus.</strong></span> <span class='ocrx_word' id='word_1_16' title='bbox 791 572 836 640; x_wconf 89' lang='lat' dir='ltr'><strong>Ita</strong></span> <span class='ocrx_word' id='word_1_17' title='bbox 860 574 950 640; x_wconf 90' lang='lat' dir='ltr'><strong>utin</strong></span> <span class='ocrx_word' id='word_1_18' title='bbox 974 573 1164 661; x_wconf 86' lang='lat' dir='ltr'><strong>praemissis,</strong></span> <span class='ocrx_word' id='word_1_19' title='bbox 1188 571 1275 662; x_wconf 93' lang='lat' dir='ltr'><strong>quod</strong></span> <span class='ocrx_word' id='word_1_20' title='bbox 1298 597 1359 641; x_wconf 87' lang='lat' dir='ltr'><strong>nos</strong></span> <span class='ocrx_word' id='word_1_21' title='bbox 1382 575 1568 642; x_wconf 88' lang='lat' dir='ltr'><strong>auctoritate</strong></span> <span class='ocrx_word' id='word_1_22' title='bbox 1592 593 1624 641; x_wconf 89' lang='lat' dir='ltr'><strong>er</strong></span> <span class='ocrx_word' id='word_1_23' title='bbox 1646 596 1703 662; x_wconf 94' lang='lat' dir='ltr'><strong>po-</strong></span> 
     </span>
     <span class='ocr_line' id='line_1_4' title="bbox 331 678 1702 770; baseline -0.001 -22"><span class='ocrx_word' id='word_1_24' title='bbox 331 692 443 748; x_wconf 85' lang='lat' dir='ltr'><strong>testate</strong></span> <span class='ocrx_word' id='word_1_25' title='bbox 470 692 580 748; x_wconf 90' lang='lat' dir='ltr'><strong>nostra</strong></span> <span class='ocrx_word' id='word_1_26' title='bbox 601 678 704 747; x_wconf 83' lang='lat' dir='ltr'><strong>facere</strong></span> <span class='ocrx_word' id='word_1_27' title='bbox 720 702 899 767; x_wconf 89' lang='lat' dir='ltr'><strong>possemus,</strong></span> <span class='ocrx_word' id='word_1_28' title='bbox 921 678 953 746; x_wconf 93' lang='lat' dir='ltr'><strong>id</strong></span> <span class='ocrx_word' id='word_1_29' title='bbox 970 680 1065 747; x_wconf 88' lang='lat' dir='ltr'><strong>etiam</strong></span> <span class='ocrx_word' id='word_1_30' title='bbox 1080 701 1140 747; x_wconf 85' lang='lat' dir='ltr'><strong>vos</strong></span> <span class='ocrx_word' id='word_1_31' title='bbox 1163 678 1265 747; x_wconf 83' lang='lat' dir='ltr'><strong>facere</strong></span> <span class='ocrx_word' id='word_1_32' title='bbox 1281 681 1418 769; x_wconf 86' lang='lat' dir='ltr'><strong>possitis.</strong></span> <span class='ocrx_word' id='word_1_33' title='bbox 1457 680 1559 748; x_wconf 87' lang='lat' dir='ltr'><strong>Vobis</strong></span> <span class='ocrx_word' id='word_1_34' title='bbox 1574 703 1702 770; x_wconf 91' lang='lat' dir='ltr'><strong>quoque</strong></span> 
     </span>
     <span class='ocr_line' id='line_1_5' title="bbox 330 784 1702 875; baseline -0.001 -21"><span class='ocrx_word' id='word_1_35' title='bbox 330 807 395 854; x_wconf 89' lang='lat' dir='ltr'><strong>ram</strong></span> <span class='ocrx_word' id='word_1_36' title='bbox 423 786 546 874; x_wconf 90' lang='lat' dir='ltr'><strong>prolem</strong></span> <span class='ocrx_word' id='word_1_37' title='bbox 577 810 615 853; x_wconf 84' lang='lat' dir='ltr'><strong>ex</strong></span> <span class='ocrx_word' id='word_1_38' title='bbox 642 786 747 874; x_wconf 88' lang='lat' dir='ltr'><strong>primo</strong></span> <span class='ocrx_word' id='word_1_39' title='bbox 778 787 984 853; x_wconf 88' lang='lat' dir='ltr'><strong>matrimonio</strong></span> <span class='ocrx_word' id='word_1_40' title='bbox 1014 805 1209 875; x_wconf 86' lang='lat' dir='ltr'><strong>susceptam,</strong></span> <span class='ocrx_word' id='word_1_41' title='bbox 1239 787 1265 852; x_wconf 88' lang='lat' dir='ltr'><strong>si</strong></span> <span class='ocrx_word' id='word_1_42' title='bbox 1295 784 1326 853; x_wconf 93' lang='lat' dir='ltr'><strong>id</strong></span> <span class='ocrx_word' id='word_1_43' title='bbox 1356 788 1398 855; x_wconf 91' lang='lat' dir='ltr'><strong>ita</strong></span> <span class='ocrx_word' id='word_1_44' title='bbox 1428 785 1575 874; x_wconf 80' lang='lat' dir='ltr'><strong>expedire</strong></span> <span class='ocrx_word' id='word_1_45' title='bbox 1598 788 1702 854; x_wconf 90' lang='lat' dir='ltr'><strong>visum</strong></span> 
     </span>
     <span class='ocr_line' id='line_1_6' title="bbox 330 890 1701 982; baseline -0.001 -23"><span class='ocrx_word' id='word_1_46' title='bbox 330 892 437 975; x_wconf 82' lang='lat' dir='ltr'><strong>fuerit,</strong></span> <span class='ocrx_word' id='word_1_47' title='bbox 465 916 560 982; x_wconf 89' lang='lat' dir='ltr'><strong>quarn</strong></span> <span class='ocrx_word' id='word_1_48' title='bbox 584 917 622 960; x_wconf 84' lang='lat' dir='ltr'><strong>ex</strong></span> <span class='ocrx_word' id='word_1_49' title='bbox 650 891 792 959; x_wconf 89' lang='lat' dir='ltr'><strong>secundo</strong></span> <span class='ocrx_word' id='word_1_50' title='bbox 816 893 1023 960; x_wconf 89' lang='lat' dir='ltr'><strong>matrimonio</strong></span> <span class='ocrx_word' id='word_1_51' title='bbox 1050 891 1282 980; x_wconf 81' lang='lat' dir='ltr'><strong>suscipiendam</strong></span> <span class='ocrx_word' id='word_1_52' title='bbox 1312 892 1486 980; x_wconf 86' lang='lat' dir='ltr'><strong>legitimam</strong></span> <span class='ocrx_word' id='word_1_53' title='bbox 1509 890 1701 960; x_wconf 89' lang='lat' dir='ltr'><strong>decernendi</strong></span> 
     </span>
     <span class='ocr_line' id='line_1_7' title="bbox 329 998 1702 1088; baseline -0.001 -22"><span class='ocrx_word' id='word_1_54' title='bbox 329 998 566 1088; x_wconf 88' lang='lat' dir='ltr'><strong>pronuntiandi,</strong></span> <span class='ocrx_word' id='word_1_55' title='bbox 589 999 820 1087; x_wconf 85' lang='lat' dir='ltr'><strong>legitimitatem</strong></span> <span class='ocrx_word' id='word_1_56' title='bbox 839 999 934 1066; x_wconf 87' lang='lat' dir='ltr'><strong>etiam</strong></span> <span class='ocrx_word' id='word_1_57' title='bbox 958 998 1119 1087; x_wconf 84' lang='lat' dir='ltr'><strong>utriusque</strong></span> <span class='ocrx_word' id='word_1_58' title='bbox 1142 998 1238 1087; x_wconf 92' lang='lat' dir='ltr'><strong>prolis</strong></span> <span class='ocrx_word' id='word_1_59' title='bbox 1255 1002 1395 1068; x_wconf 87' lang='lat' dir='ltr'><strong>censuris</strong></span> <span class='ocrx_word' id='word_1_60' title='bbox 1420 1010 1452 1066; x_wconf 90' lang='lat' dir='ltr'><strong>et</strong></span> <span class='ocrx_word' id='word_1_61' title='bbox 1473 1000 1587 1088; x_wconf 90' lang='lat' dir='ltr'><strong>poenis</strong></span> <span class='ocrx_word' id='word_1_62' title='bbox 1603 998 1702 1066; x_wconf 90' lang='lat' dir='ltr'><strong>eccle·</strong></span> 
     </span>
     <span class='ocr_line' id='line_1_8' title="bbox 267 1102 1702 1196; baseline -0.001 -24"><span class='ocrx_word' id='word_1_63' title='bbox 267 1152 273 1159; x_wconf 86' lang='lat'>-</span> <span class='ocrx_word' id='word_1_64' title='bbox 329 1106 460 1174; x_wconf 88' lang='lat' dir='ltr'><strong>siasticis</strong></span> <span class='ocrx_word' id='word_1_65' title='bbox 488 1105 727 1196; x_wconf 84' lang='lat' dir='ltr'><strong>quibuscunque</strong></span> <span class='ocrx_word' id='word_1_66' title='bbox 756 1128 812 1194; x_wconf 90' lang='lat' dir='ltr'><strong>per</strong></span> <span class='ocrx_word' id='word_1_67' title='bbox 835 1102 970 1172; x_wconf 91' lang='lat' dir='ltr'><strong>modum</strong></span> <span class='ocrx_word' id='word_1_68' title='bbox 994 1103 1112 1172; x_wconf 87' lang='lat' dir='ltr'><strong>decreti</strong></span> <span class='ocrx_word' id='word_1_69' title='bbox 1135 1118 1188 1173; x_wconf 89' lang='lat' dir='ltr'><strong>aut</strong></span> <span class='ocrx_word' id='word_1_70' title='bbox 1210 1107 1383 1173; x_wconf 90' lang='lat' dir='ltr'><strong>sanctionis</strong></span> <span class='ocrx_word' id='word_1_71' title='bbox 1406 1117 1575 1194; x_wconf 86' lang='lat' dir='ltr'><strong>perpetuae</strong></span> <span class='ocrx_word' id='word_1_72' title='bbox 1599 1106 1702 1173; x_wconf 90' lang='lat' dir='ltr'><strong>muni·</strong></span> 
     </span>
     <span class='ocr_line' id='line_1_9' title="bbox 329 1209 1700 1293; baseline -0.003 -12"><span class='ocrx_word' id='word_1_73' title='bbox 329 1211 403 1281; x_wconf 89' lang='lat' dir='ltr'><strong>endi</strong></span> <span class='ocrx_word' id='word_1_74' title='bbox 432 1224 463 1281; x_wconf 92' lang='lat' dir='ltr'><strong>et</strong></span> <span class='ocrx_word' id='word_1_75' title='bbox 485 1211 619 1280; x_wconf 87' lang='lat' dir='ltr'><strong>vallandi</strong></span> <span class='ocrx_word' id='word_1_76' title='bbox 649 1211 799 1280; x_wconf 89' lang='lat' dir='ltr'><strong>omnibus</strong></span> <span class='ocrx_word' id='word_1_77' title='bbox 828 1210 1030 1280; x_wconf 87' lang='lat' dir='ltr'><strong>validioribus</strong></span> <span class='ocrx_word' id='word_1_78' title='bbox 1060 1224 1092 1279; x_wconf 88' lang='lat' dir='ltr'><strong>et</strong></span> <span class='ocrx_word' id='word_1_79' title='bbox 1122 1209 1351 1279; x_wconf 83' lang='lat' dir='ltr'><strong>efficacioribus</strong></span> <span class='ocrx_word' id='word_1_80' title='bbox 1381 1211 1487 1279; x_wconf 90' lang='lat' dir='ltr'><strong>modis</strong></span> <span class='ocrx_word' id='word_1_81' title='bbox 1518 1224 1549 1279; x_wconf 92' lang='lat' dir='ltr'><strong>et</strong></span> <span class='ocrx_word' id='word_1_82' title='bbox 1578 1210 1700 1293; x_wconf 85' lang='lat' dir='ltr'><strong>formis,</strong></span> 
     </span>
     <span class='ocr_line' id='line_1_10' title="bbox 329 1318 1701 1409; baseline -0.002 -22"><span class='ocrx_word' id='word_1_83' title='bbox 329 1343 409 1409; x_wconf 89' lang='lat' dir='ltr'><strong>quae</strong></span> <span class='ocrx_word' id='word_1_84' title='bbox 432 1319 472 1387; x_wconf 94' lang='lat' dir='ltr'><strong>de</strong></span> <span class='ocrx_word' id='word_1_85' title='bbox 494 1321 561 1387; x_wconf 87' lang='lat' dir='ltr'><strong>iure</strong></span> <span class='ocrx_word' id='word_1_86' title='bbox 585 1319 710 1407; x_wconf 88' lang='lat' dir='ltr'><strong>concipi</strong></span> <span class='ocrx_word' id='word_1_87' title='bbox 734 1331 765 1386; x_wconf 91' lang='lat' dir='ltr'><strong>et</strong></span> <span class='ocrx_word' id='word_1_88' title='bbox 789 1318 962 1403; x_wconf 81' lang='lat' dir='ltr'><strong>excogitari</strong></span> <span class='ocrx_word' id='word_1_89' title='bbox 984 1328 1145 1405; x_wconf 89' lang='lat' dir='ltr'><strong>poterunt,</strong></span> <span class='ocrx_word' id='word_1_90' title='bbox 1174 1342 1213 1385; x_wconf 83' lang='lat' dir='ltr'><strong>ex</strong></span> <span class='ocrx_word' id='word_1_91' title='bbox 1237 1330 1320 1385; x_wconf 88' lang='lat' dir='ltr'><strong>certa</strong></span> <span class='ocrx_word' id='word_1_92' title='bbox 1344 1337 1454 1385; x_wconf 87' lang='lat' dir='ltr'><strong>nostra</strong></span> <span class='ocrx_word' id='word_1_93' title='bbox 1475 1318 1606 1386; x_wconf 88' lang='lat' dir='ltr'><strong>scientia</strong></span> <span class='ocrx_word' id='word_1_94' title='bbox 1629 1340 1701 1385; x_wconf 91' lang='lat' dir='ltr'><strong>auc-</strong></span> 
     </span>
     <span class='ocr_line' id='line_1_11' title="bbox 327 1424 1700 1515; baseline -0.004 -21"><span class='ocrx_word' id='word_1_95' title='bbox 327 1428 517 1515; x_wconf 87' lang='lat' dir='ltr'><strong>toritateque</strong></span> <span class='ocrx_word' id='word_1_96' title='bbox 548 1424 721 1515; x_wconf 89' lang='lat' dir='ltr'><strong>apostolica</strong></span> <span class='ocrx_word' id='word_1_97' title='bbox 751 1444 864 1492; x_wconf 90' lang='lat' dir='ltr'><strong>tenore</strong></span> <span class='ocrx_word' id='word_1_98' title='bbox 896 1424 1110 1511; x_wconf 87' lang='lat' dir='ltr'><strong>praesentium</strong></span> <span class='ocrx_word' id='word_1_99' title='bbox 1140 1435 1332 1511; x_wconf 89' lang='lat' dir='ltr'><strong>potestatem</strong></span> <span class='ocrx_word' id='word_1_100' title='bbox 1360 1426 1475 1513; x_wconf 91' lang='lat' dir='ltr'><strong>pariter</strong></span> <span class='ocrx_word' id='word_1_101' title='bbox 1506 1443 1537 1492; x_wconf 89' lang='lat' dir='ltr'><strong>et</strong></span> <span class='ocrx_word' id='word_1_102' title='bbox 1565 1424 1700 1491; x_wconf 90' lang='lat' dir='ltr'><strong>auctori·</strong></span> 
     </span>
     <span class='ocr_line' id='line_1_12' title="bbox 327 1529 1701 1619; baseline -0.002 -19"><span class='ocrx_word' id='word_1_103' title='bbox 327 1543 425 1600; x_wconf 87' lang='lat' dir='ltr'><strong>ratem</strong></span> <span class='ocrx_word' id='word_1_104' title='bbox 450 1531 667 1600; x_wconf 89' lang='lat' dir='ltr'><strong>concedimus.</strong></span> <span class='ocrx_word' id='word_1_105' title='bbox 705 1532 784 1600; x_wconf 91' lang='lat' dir='ltr'><strong>Non</strong></span> <span class='ocrx_word' id='word_1_106' title='bbox 801 1529 998 1598; x_wconf 87' lang='lat' dir='ltr'><strong>obstantibus</strong></span> <span class='ocrx_word' id='word_1_107' title='bbox 1021 1529 1163 1599; x_wconf 87' lang='lat' dir='ltr'><strong>conciliis</strong></span> <span class='ocrx_word' id='word_1_108' title='bbox 1185 1530 1395 1618; x_wconf 85' lang='lat' dir='ltr'><strong>generalibus,</strong></span> <span class='ocrx_word' id='word_1_109' title='bbox 1418 1530 1600 1619; x_wconf 86' lang='lat' dir='ltr'><strong>apostolicis</strong></span> <span class='ocrx_word' id='word_1_110' title='bbox 1623 1553 1701 1598; x_wconf 87' lang='lat' dir='ltr'><strong>con·</strong></span> 
     </span>
     <span class='ocr_line' id='line_1_13' title="bbox 328 1634 1648 1726; baseline -0.001 -21"><span class='ocrx_word' id='word_1_111' title='bbox 328 1638 543 1707; x_wconf 86' lang='lat' dir='ltr'><strong>stitutionibus</strong></span> <span class='ocrx_word' id='word_1_112' title='bbox 566 1651 599 1707; x_wconf 88' lang='lat' dir='ltr'><strong>et</strong></span> <span class='ocrx_word' id='word_1_113' title='bbox 622 1636 874 1706; x_wconf 85' lang='lat' dir='ltr'><strong>ordinationibus</strong></span> <span class='ocrx_word' id='word_1_114' title='bbox 899 1634 990 1704; x_wconf 88' lang='lat' dir='ltr'><strong>editis</strong></span> <span class='ocrx_word' id='word_1_115' title='bbox 1013 1637 1188 1726; x_wconf 88' lang='lat' dir='ltr'><strong>ceterisque</strong></span> <span class='ocrx_word' id='word_1_116' title='bbox 1212 1638 1376 1705; x_wconf 82' lang='lat' dir='ltr'><strong>contrariis</strong></span> <span class='ocrx_word' id='word_1_117' title='bbox 1399 1636 1648 1726; x_wconf 87' lang='lat' dir='ltr'><strong>quibuscunque.</strong></span> 
     </span>
    </p>
   </div>
   <div class='ocr_carea' id='block_1_3' title="bbox 327 1758 1699 1987">
    <p class='ocr_par' dir='ltr' id='par_1_3' title="bbox 327 1758 1699 1987">
     <span class='ocr_line' id='line_1_14' title="bbox 432 1758 1699 1849; baseline -0.002 -20"><span class='ocrx_word' id='word_1_118' title='bbox 432 1762 551 1830; x_wconf 88' lang='lat' dir='ltr'><strong>Datum</strong></span> <span class='ocrx_word' id='word_1_119' title='bbox 574 1760 761 1830; x_wconf 88' lang='lat' dir='ltr'><strong>Urbeveteri</strong></span> <span class='ocrx_word' id='word_1_120' title='bbox 785 1783 870 1828; x_wconf 88' lang='lat' dir='ltr'><strong>anno</strong></span> <span class='ocrx_word' id='word_1_121' title='bbox 897 1760 1122 1827; x_wconf 88' lang='lat' dir='ltr'><strong>incarnationis</strong></span> <span class='ocrx_word' id='word_1_122' title='bbox 1145 1760 1336 1828; x_wconf 84' lang='lat' dir='ltr'><strong>Dominicae</strong></span> <span class='ocrx_word' id='word_1_123' title='bbox 1364 1762 1457 1846; x_wconf 83' lang='lat'><strong>1528.</strong></span> <span class='ocrx_word' id='word_1_124' title='bbox 1503 1758 1548 1828; x_wconf 92' lang='lat' dir='ltr'><strong>Id.</strong></span> <span class='ocrx_word' id='word_1_125' title='bbox 1573 1758 1699 1849; x_wconf 82' lang='lat' dir='ltr'><strong>Aprilis,</strong></span> 
     </span>
     <span class='ocr_line' id='line_1_15' title="bbox 327 1866 1593 1987; baseline -0.002 -52"><span class='ocrx_word' id='word_1_126' title='bbox 327 1866 530 1956; x_wconf 85' lang='lat' dir='ltr'><strong>pontificatus</strong></span> <span class='ocrx_word' id='word_1_127' title='bbox 552 1891 638 1935; x_wconf 88' lang='lat' dir='ltr'><strong>anno</strong></span> <span class='ocrx_word' id='word_1_128' title='bbox 663 1869 786 1957; x_wconf 90' lang='lat' dir='ltr'><strong>quinto.</strong></span> <span class='ocrx_word' id='word_1_129' title='bbox 1420 1919 1455 1986; x_wconf 37' lang='lat' dir='ltr'><strong>B·</strong></span> <span class='ocrx_word' id='word_1_130' title='bbox 1479 1920 1593 1987; x_wconf 40' lang='lat' dir='ltr'><strong>Mona·</strong></span> 
     </span>
    </p>
   </div>
   <div class='ocr_carea' id='block_1_4' title="bbox 329 2077 1699 3653">
    <p class='ocr_par' dir='ltr' id='par_1_4' title="bbox 537 2077 1699 2151">
     <span class='ocr_line' id='line_1_16' title="bbox 537 2077 1699 2151; baseline -0.001 -19"><span class='ocrx_word' id='word_1_131' title='bbox 537 2079 617 2135; x_wconf 81' lang='lat' dir='ltr'><strong>Arch.</strong></span> <span class='ocrx_word' id='word_1_132' title='bbox 630 2079 716 2134; x_wconf 88' lang='lat' dir='ltr'><strong>Vatic.</strong></span> <span class='ocrx_word' id='word_1_133' title='bbox 736 2079 816 2134; x_wconf 89' lang='lat' dir='ltr'><strong>Henr.</strong></span> <span class='ocrx_word' id='word_1_134' title='bbox 835 2080 907 2151; x_wconf 82' lang='lat' dir='ltr'><strong>regis</strong></span> <span class='ocrx_word' id='word_1_135' title='bbox 926 2079 1042 2151; x_wconf 86' lang='lat' dir='ltr'><strong>dispens.</strong></span> <span class='ocrx_word' id='word_1_136' title='bbox 1061 2078 1176 2132; x_wconf 87' lang='lat' dir='ltr'><strong>matrim.</strong></span> <span class='ocrx_word' id='word_1_137' title='bbox 1195 2077 1248 2133; x_wconf 87' lang='lat' dir='ltr'><strong>vol.</strong></span> <span class='ocrx_word' id='word_1_138' title='bbox 1268 2078 1375 2132; x_wconf 85' lang='lat' dir='ltr'><strong>unicum</strong></span> <span class='ocrx_word' id='word_1_139' title='bbox 1393 2078 1511 2147; x_wconf 79' lang='lat' dir='ltr'><strong>(Armar.</strong></span> <span class='ocrx_word' id='word_1_140' title='bbox 1531 2077 1576 2132; x_wconf 85' lang='lat' dir='ltr'><strong>xl.</strong></span> <span class='ocrx_word' id='word_1_141' title='bbox 1592 2077 1637 2144; x_wconf 81' lang='lat' dir='ltr'><strong>xl,</strong></span> <span class='ocrx_word' id='word_1_142' title='bbox 1653 2079 1699 2148; x_wconf 86' lang='lat'><strong>38)</strong></span> 
     </span>
    </p>

    <p class='ocr_par' dir='ltr' id='par_1_5' title="bbox 432 2164 1698 2328">
     <span class='ocr_line' id='line_1_17' title="bbox 433 2164 1698 2238; baseline -0.003 -15"><span class='ocrx_word' id='word_1_143' title='bbox 433 2167 450 2223; x_wconf 85' lang='lat' dir='ltr'><strong>s.</strong></span> <span class='ocrx_word' id='word_1_144' title='bbox 473 2183 495 2238; x_wconf 83' lang='lat'><strong>3.</strong></span> <span class='ocrx_word' id='word_1_145' title='bbox 530 2167 662 2223; x_wconf 88' lang='lat' dir='ltr'><strong>Dasselbe</strong></span> <span class='ocrx_word' id='word_1_146' title='bbox 686 2168 767 2224; x_wconf 79' lang='lat' dir='ltr'><strong>Stuclr</strong></span> <span class='ocrx_word' id='word_1_147' title='bbox 794 2169 821 2222; x_wconf 93' lang='lat' dir='ltr'><strong>in</strong></span> <span class='ocrx_word' id='word_1_148' title='bbox 848 2166 1020 2222; x_wconf 77' lang='lat' dir='ltr'><strong>fehlerhat‘ter</strong></span> <span class='ocrx_word' id='word_1_149' title='bbox 1044 2166 1180 2221; x_wconf 80' lang='lat' dir='ltr'><strong>Abschrift</strong></span> <span class='ocrx_word' id='word_1_150' title='bbox 1207 2164 1260 2220; x_wconf 94' lang='lat' dir='ltr'><strong>und</strong></span> <span class='ocrx_word' id='word_1_151' title='bbox 1287 2168 1335 2221; x_wconf 88' lang='lat' dir='ltr'><strong>mit</strong></span> <span class='ocrx_word' id='word_1_152' title='bbox 1359 2167 1481 2237; x_wconf 82' lang='lat' dir='ltr'><strong>weniger</strong></span> <span class='ocrx_word' id='word_1_153' title='bbox 1505 2183 1622 2238; x_wconf 84' lang='lat' dir='ltr'><strong>genauer</strong></span> <span class='ocrx_word' id='word_1_154' title='bbox 1647 2165 1698 2220; x_wconf 90' lang='lat' dir='ltr'><strong>Be·</strong></span> 
     </span>
     <span class='ocr_line' id='line_1_18' title="bbox 432 2253 1698 2328; baseline -0.002 -18"><span class='ocrx_word' id='word_1_155' title='bbox 432 2256 582 2326; x_wconf 82' lang='lat' dir='ltr'><strong>zeichnung</strong></span> <span class='ocrx_word' id='word_1_156' title='bbox 600 2255 648 2310; x_wconf 89' lang='lat' dir='ltr'><strong>des</strong></span> <span class='ocrx_word' id='word_1_157' title='bbox 666 2256 794 2310; x_wconf 85' lang='lat' dir='ltr'><strong>Datums:</strong></span> <span class='ocrx_word' id='word_1_158' title='bbox 820 2255 889 2312; x_wconf 80' lang='lat' dir='ltr'><strong>Lett</strong></span> <span class='ocrx_word' id='word_1_159' title='bbox 909 2256 935 2310; x_wconf 92' lang='lat' dir='ltr'><strong>di</strong></span> <span class='ocrx_word' id='word_1_160' title='bbox 957 2255 1072 2328; x_wconf 88' lang='lat' dir='ltr'><strong>Principi</strong></span> <span class='ocrx_word' id='word_1_161' title='bbox 1090 2255 1143 2311; x_wconf 92' lang='lat' dir='ltr'><strong>vol.</strong></span> <span class='ocrx_word' id='word_1_162' title='bbox 1165 2269 1197 2321; x_wconf 82' lang='lat'><strong>14</strong></span> <span class='ocrx_word' id='word_1_163' title='bbox 1215 2253 1232 2309; x_wconf 82' lang='lat' dir='ltr'><strong>f.</strong></span> <span class='ocrx_word' id='word_1_164' title='bbox 1249 2256 1307 2322; x_wconf 88' lang='lat'><strong>128,</strong></span> <span class='ocrx_word' id='word_1_165' title='bbox 1331 2256 1379 2309; x_wconf 89' lang='lat' dir='ltr'><strong>mit</strong></span> <span class='ocrx_word' id='word_1_166' title='bbox 1402 2254 1453 2309; x_wconf 88' lang='lat' dir='ltr'><strong>den</strong></span> <span class='ocrx_word' id='word_1_167' title='bbox 1472 2253 1698 2309; x_wconf 85' lang='lat' dir='ltr'><strong>Unterschriften:</strong></span> 
     </span>
    </p>

    <p class='ocr_par' dir='ltr' id='par_1_6' title="bbox 432 2342 1698 2504">
     <span class='ocr_line' id='line_1_19' title="bbox 433 2342 1698 2416; baseline 0 -18"><span class='ocrx_word' id='word_1_168' title='bbox 433 2345 466 2401; x_wconf 78' lang='lat' dir='ltr'><strong>A.</strong></span> <span class='ocrx_word' id='word_1_169' title='bbox 485 2344 651 2412; x_wconf 88' lang='lat' dir='ltr'><strong>Portuensis,</strong></span> <span class='ocrx_word' id='word_1_170' title='bbox 674 2343 752 2398; x_wconf 87' lang='lat' dir='ltr'><strong>Laur.</strong></span> <span class='ocrx_word' id='word_1_171' title='bbox 777 2344 876 2416; x_wconf 84' lang='lat' dir='ltr'><strong>Eppus.</strong></span> <span class='ocrx_word' id='word_1_172' title='bbox 900 2344 1072 2411; x_wconf 82' lang='lat' dir='ltr'><strong>Praenestin,</strong></span> <span class='ocrx_word' id='word_1_173' title='bbox 1095 2345 1132 2398; x_wconf 90' lang='lat' dir='ltr'><strong>Ia.</strong></span> <span class='ocrx_word' id='word_1_174' title='bbox 1153 2343 1310 2399; x_wconf 84' lang='lat' dir='ltr'><strong>Simonetta.</strong></span> <span class='ocrx_word' id='word_1_175' title='bbox 1352 2343 1396 2398; x_wconf 81' lang='lat' dir='ltr'><strong>An</strong></span> <span class='ocrx_word' id='word_1_176' title='bbox 1419 2342 1468 2397; x_wconf 90' lang='lat' dir='ltr'><strong>der</strong></span> <span class='ocrx_word' id='word_1_177' title='bbox 1490 2353 1698 2415; x_wconf 88' lang='lat' dir='ltr'><strong>erstgenannten</strong></span> 
     </span>
     <span class='ocr_line' id='line_1_20' title="bbox 432 2430 1698 2504; baseline -0.001 -17"><span class='ocrx_word' id='word_1_178' title='bbox 432 2432 515 2487; x_wconf 88' lang='lat' dir='ltr'><strong>Stelle</strong></span> <span class='ocrx_word' id='word_1_179' title='bbox 539 2430 631 2504; x_wconf 87' lang='lat' dir='ltr'><strong>folgen</strong></span> <span class='ocrx_word' id='word_1_180' title='bbox 655 2432 703 2486; x_wconf 84' lang='lat' dir='ltr'><strong>aus</strong></span> <span class='ocrx_word' id='word_1_181' title='bbox 721 2432 773 2487; x_wconf 92' lang='lat' dir='ltr'><strong>den</strong></span> <span class='ocrx_word' id='word_1_182' title='bbox 797 2432 867 2487; x_wconf 88' lang='lat' dir='ltr'><strong>Text</strong></span> <span class='ocrx_word' id='word_1_183' title='bbox 892 2433 964 2487; x_wconf 92' lang='lat' dir='ltr'><strong>noch</strong></span> <span class='ocrx_word' id='word_1_184' title='bbox 987 2431 1114 2504; x_wconf 83' lang='lat' dir='ltr'><strong>folgende</strong></span> <span class='ocrx_word' id='word_1_185' title='bbox 1127 2431 1287 2486; x_wconf 81' lang='lat' dir='ltr'><strong>Vermerlre:</strong></span> <span class='ocrx_word' id='word_1_186' title='bbox 1313 2431 1411 2487; x_wconf 87' lang='lat' dir='ltr'><strong>Similis</strong></span> <span class='ocrx_word' id='word_1_187' title='bbox 1435 2431 1505 2486; x_wconf 89' lang='lat' dir='ltr'><strong>bulla</strong></span> <span class='ocrx_word' id='word_1_188' title='bbox 1530 2430 1578 2486; x_wconf 82' lang='lat' dir='ltr'><strong>suit</strong></span> <span class='ocrx_word' id='word_1_189' title='bbox 1601 2432 1698 2504; x_wconf 86' lang='lat' dir='ltr'><strong>scripta</strong></span> 
     </span>
    </p>

    <p class='ocr_par' dir='ltr' id='par_1_7' title="bbox 363 2519 1698 2947">
     <span class='ocr_line' id='line_1_21' title="bbox 363 2519 1697 2592; baseline 0.002 -21"><span class='ocrx_word' id='word_1_190' title='bbox 363 2560 369 2571; x_wconf 81' lang='lat'><strong>.</strong></span> <span class='ocrx_word' id='word_1_191' title='bbox 432 2521 531 2576; x_wconf 88' lang='lat' dir='ltr'><strong>directa</strong></span> <span class='ocrx_word' id='word_1_192' title='bbox 551 2521 602 2575; x_wconf 83' lang='lat' dir='ltr'><strong>soli</strong></span> <span class='ocrx_word' id='word_1_193' title='bbox 621 2521 673 2577; x_wconf 90' lang='lat' dir='ltr'><strong>Th.</strong></span> <span class='ocrx_word' id='word_1_194' title='bbox 691 2521 816 2576; x_wconf 89' lang='lat' dir='ltr'><strong>cardinali</strong></span> <span class='ocrx_word' id='word_1_195' title='bbox 834 2521 997 2576; x_wconf 89' lang='lat' dir='ltr'><strong>Eboracensi</strong></span> <span class='ocrx_word' id='word_1_196' title='bbox 1016 2552 1050 2561; x_wconf 94' lang='lat'><em>-</em></span> <span class='ocrx_word' id='word_1_197' title='bbox 1069 2519 1214 2574; x_wconf 78' lang='lat' dir='ltr'><strong>»adiuncto</strong></span> <span class='ocrx_word' id='word_1_198' title='bbox 1235 2521 1281 2575; x_wconf 89' lang='lat' dir='ltr'><strong>tibi</strong></span> <span class='ocrx_word' id='word_1_199' title='bbox 1298 2520 1443 2575; x_wconf 85' lang='lat' dir='ltr'><strong>venerabili</strong></span> <span class='ocrx_word' id='word_1_200' title='bbox 1466 2519 1545 2574; x_wconf 83' lang='lat' dir='ltr'><strong>fratre</strong></span> <span class='ocrx_word' id='word_1_201' title='bbox 1568 2520 1697 2592; x_wconf 87' lang='lat' dir='ltr'><strong>archiepi-</strong></span> 
     </span>
     <span class='ocr_line' id='line_1_22' title="bbox 430 2598 1696 2682; baseline -0.002 -17"><span class='ocrx_word' id='word_1_202' title='bbox 430 2627 516 2682; x_wconf 89' lang='lat' dir='ltr'><strong>scopo</strong></span> <span class='ocrx_word' id='word_1_203' title='bbox 528 2609 729 2664; x_wconf 78' lang='lat' dir='ltr'><strong>Cantuariensi«</strong></span> <span class='ocrx_word' id='word_1_204' title='bbox 748 2609 802 2664; x_wconf 91' lang='lat' dir='ltr'><strong>und</strong></span> <span class='ocrx_word' id='word_1_205' title='bbox 820 2611 868 2665; x_wconf 88' lang='lat' dir='ltr'><strong>mit</strong></span> <span class='ocrx_word' id='word_1_206' title='bbox 887 2611 995 2682; x_wconf 82' lang='lat' dir='ltr'><strong>einigen</strong></span> <span class='ocrx_word' id='word_1_207' title='bbox 1007 2611 1137 2665; x_wconf 82' lang='lat' dir='ltr'><strong>weiteren</strong></span> <span class='ocrx_word' id='word_1_208' title='bbox 1151 2608 1381 2681; x_wconf 87' lang='lat' dir='ltr'><strong>entsprechenden</strong></span> <span class='ocrx_word' id='word_1_209' title='bbox 1395 2598 1584 2680; x_wconf 72' lang='lat' dir='ltr'><strong>liuderungen.</strong></span> <span class='ocrx_word' id='word_1_210' title='bbox 1615 2609 1696 2681; x_wconf 79' lang='lat' dir='ltr'><strong>Regi-</strong></span> 
     </span>
     <span class='ocr_line' id='line_1_23' title="bbox 430 2696 1698 2771; baseline -0.001 -19"><span class='ocrx_word' id='word_1_211' title='bbox 430 2707 511 2753; x_wconf 89' lang='lat' dir='ltr'><strong>strata</strong></span> <span class='ocrx_word' id='word_1_212' title='bbox 533 2699 561 2752; x_wconf 91' lang='lat' dir='ltr'><strong>in</strong></span> <span class='ocrx_word' id='word_1_213' title='bbox 579 2715 684 2753; x_wconf 88' lang='lat' dir='ltr'><strong>camera</strong></span> <span class='ocrx_word' id='word_1_214' title='bbox 707 2698 854 2771; x_wconf 88' lang='lat' dir='ltr'><strong>apostolica</strong></span> <span class='ocrx_word' id='word_1_215' title='bbox 878 2698 911 2752; x_wconf 90' lang='lat' dir='ltr'><strong>de</strong></span> <span class='ocrx_word' id='word_1_216' title='bbox 930 2698 1056 2752; x_wconf 88' lang='lat' dir='ltr'><strong>mandato</strong></span> <span class='ocrx_word' id='word_1_217' title='bbox 1075 2698 1101 2752; x_wconf 87' lang='lat' dir='ltr'><strong>S.</strong></span> <span class='ocrx_word' id='word_1_218' title='bbox 1120 2697 1154 2752; x_wconf 92' lang='lat' dir='ltr'><strong>D.</strong></span> <span class='ocrx_word' id='word_1_219' title='bbox 1174 2697 1207 2752; x_wconf 90' lang='lat' dir='ltr'><strong>N.</strong></span> <span class='ocrx_word' id='word_1_220' title='bbox 1227 2698 1343 2770; x_wconf 90' lang='lat' dir='ltr'><strong>proprio.</strong></span> <span class='ocrx_word' id='word_1_221' title='bbox 1363 2698 1392 2753; x_wconf 87' lang='lat' dir='ltr'><strong>B.</strong></span> <span class='ocrx_word' id='word_1_222' title='bbox 1411 2696 1504 2752; x_wconf 88' lang='lat' dir='ltr'><strong>Motta.</strong></span> <span class='ocrx_word' id='word_1_223' title='bbox 1535 2696 1607 2751; x_wconf 89' lang='lat' dir='ltr'><strong>Nota</strong></span> <span class='ocrx_word' id='word_1_224' title='bbox 1626 2697 1698 2769; x_wconf 90' lang='lat' dir='ltr'><strong>quod</strong></span> 
     </span>
     <span class='ocr_line' id='line_1_24' title="bbox 429 2785 1696 2859; baseline -0.002 -18"><span class='ocrx_word' id='word_1_225' title='bbox 429 2787 497 2841; x_wconf 85' lang='lat' dir='ltr'><strong>haec</strong></span> <span class='ocrx_word' id='word_1_226' title='bbox 510 2786 604 2841; x_wconf 87' lang='lat' dir='ltr'><strong>eadem</strong></span> <span class='ocrx_word' id='word_1_227' title='bbox 623 2787 723 2842; x_wconf 88' lang='lat' dir='ltr'><strong>minuta</strong></span> <span class='ocrx_word' id='word_1_228' title='bbox 737 2787 785 2841; x_wconf 84' lang='lat' dir='ltr'><strong>suit</strong></span> <span class='ocrx_word' id='word_1_229' title='bbox 803 2788 953 2859; x_wconf 82' lang='lat' dir='ltr'><strong>ingrossata</strong></span> <span class='ocrx_word' id='word_1_230' title='bbox 972 2803 1019 2858; x_wconf 90' lang='lat' dir='ltr'><strong>per</strong></span> <span class='ocrx_word' id='word_1_231' title='bbox 1033 2803 1077 2841; x_wconf 83' lang='lat' dir='ltr'><strong>ine</strong></span> <span class='ocrx_word' id='word_1_232' title='bbox 1090 2787 1119 2840; x_wconf 92' lang='lat' dir='ltr'><strong>B.</strong></span> <span class='ocrx_word' id='word_1_233' title='bbox 1132 2786 1217 2841; x_wconf 88' lang='lat' dir='ltr'><strong>Motta</strong></span> <span class='ocrx_word' id='word_1_234' title='bbox 1237 2786 1285 2840; x_wconf 91' lang='lat' dir='ltr'><strong>sub</strong></span> <span class='ocrx_word' id='word_1_235' title='bbox 1303 2786 1363 2841; x_wconf 83' lang='lat' dir='ltr'><strong>data</strong></span> <span class='ocrx_word' id='word_1_236' title='bbox 1376 2786 1488 2840; x_wconf 90' lang='lat' dir='ltr'><strong>Viterbii</strong></span> <span class='ocrx_word' id='word_1_237' title='bbox 1501 2785 1547 2841; x_wconf 87' lang='lat' dir='ltr'><strong>VI.</strong></span> <span class='ocrx_word' id='word_1_238' title='bbox 1577 2785 1614 2841; x_wconf 92' lang='lat' dir='ltr'><strong>Id.</strong></span> <span class='ocrx_word' id='word_1_239' title='bbox 1634 2786 1696 2840; x_wconf 91' lang='lat' dir='ltr'><strong>iunii</strong></span> 
     </span>
     <span class='ocr_line' id='line_1_25' title="bbox 432 2873 1695 2947; baseline 0 -18"><span class='ocrx_word' id='word_1_240' title='bbox 432 2876 498 2944; x_wconf 86' lang='lat'>1528</span> <span class='ocrx_word' id='word_1_241' title='bbox 517 2891 541 2931; x_wconf 89' lang='lat' dir='ltr'><strong>a.</strong></span> <span class='ocrx_word' id='word_1_242' title='bbox 554 2875 587 2932; x_wconf 91' lang='lat' dir='ltr'><strong>V.</strong></span> <span class='ocrx_word' id='word_1_243' title='bbox 602 2884 629 2930; x_wconf 90' lang='lat' dir='ltr'><strong>et</strong></span> <span class='ocrx_word' id='word_1_244' title='bbox 642 2875 739 2929; x_wconf 90' lang='lat' dir='ltr'><strong>directa</strong></span> <span class='ocrx_word' id='word_1_245' title='bbox 759 2876 822 2947; x_wconf 88' lang='lat' dir='ltr'><strong>ipsis</strong></span> <span class='ocrx_word' id='word_1_246' title='bbox 835 2875 938 2930; x_wconf 91' lang='lat' dir='ltr'><strong>duobus</strong></span> <span class='ocrx_word' id='word_1_247' title='bbox 957 2874 1139 2930; x_wconf 89' lang='lat' dir='ltr'><strong>cardinalibus.</strong></span> <span class='ocrx_word' id='word_1_248' title='bbox 1173 2874 1206 2929; x_wconf 86' lang='lat' dir='ltr'><strong>Et</strong></span> <span class='ocrx_word' id='word_1_249' title='bbox 1224 2875 1363 2946; x_wconf 86' lang='lat' dir='ltr'><strong>registravi</strong></span> <span class='ocrx_word' id='word_1_250' title='bbox 1382 2874 1415 2928; x_wconf 90' lang='lat' dir='ltr'><strong>de</strong></span> <span class='ocrx_word' id='word_1_251' title='bbox 1429 2873 1556 2928; x_wconf 87' lang='lat' dir='ltr'><strong>mandato</strong></span> <span class='ocrx_word' id='word_1_252' title='bbox 1574 2874 1600 2931; x_wconf 89' lang='lat' dir='ltr'><strong>S.</strong></span> <span class='ocrx_word' id='word_1_253' title='bbox 1613 2873 1647 2929; x_wconf 92' lang='lat' dir='ltr'><strong>D.</strong></span> <span class='ocrx_word' id='word_1_254' title='bbox 1661 2874 1695 2930; x_wconf 93' lang='lat' dir='ltr'><strong>N.</strong></span> 
     </span>
    </p>

    <p class='ocr_par' dir='ltr' id='par_1_8' title="bbox 429 2962 1695 3123">
     <span class='ocr_line' id='line_1_26' title="bbox 430 2962 1695 3035; baseline 0.001 -19"><span class='ocrx_word' id='word_1_255' title='bbox 430 2964 456 3017; x_wconf 93' lang='lat' dir='ltr'><strong>in</strong></span> <span class='ocrx_word' id='word_1_256' title='bbox 475 2964 615 3018; x_wconf 89' lang='lat' dir='ltr'><strong>secretaria</strong></span> <span class='ocrx_word' id='word_1_257' title='bbox 637 2963 792 3035; x_wconf 88' lang='lat' dir='ltr'><strong>apostolica.</strong></span> <span class='ocrx_word' id='word_1_258' title='bbox 823 2962 981 3018; x_wconf 81' lang='lat' dir='ltr'><strong>Ausschrift:</strong></span> <span class='ocrx_word' id='word_1_259' title='bbox 1001 2963 1155 3035; x_wconf 77' lang='lat' dir='ltr'><strong>Registrum</strong></span> <span class='ocrx_word' id='word_1_260' title='bbox 1173 2962 1260 3017; x_wconf 86' lang='lat' dir='ltr'><strong>bullae</strong></span> <span class='ocrx_word' id='word_1_261' title='bbox 1274 2962 1472 3017; x_wconf 87' lang='lat' dir='ltr'><strong>commissionis</strong></span> <span class='ocrx_word' id='word_1_262' title='bbox 1492 2962 1695 3034; x_wconf 86' lang='lat' dir='ltr'><strong>dispensationis</strong></span> 
     </span>
     <span class='ocr_line' id='line_1_27' title="bbox 429 3049 1695 3123; baseline -0.001 -18"><span class='ocrx_word' id='word_1_263' title='bbox 429 3051 590 3106; x_wconf 87' lang='lat' dir='ltr'><strong>matrimonii</strong></span> <span class='ocrx_word' id='word_1_264' title='bbox 615 3051 738 3123; x_wconf 85' lang='lat' dir='ltr'><strong>Angliae.</strong></span> <span class='ocrx_word' id='word_1_265' title='bbox 775 3051 879 3107; x_wconf 88' lang='lat' dir='ltr'><strong>Orvieti</strong></span> <span class='ocrx_word' id='word_1_266' title='bbox 902 3061 929 3106; x_wconf 89' lang='lat' dir='ltr'><strong>et</strong></span> <span class='ocrx_word' id='word_1_267' title='bbox 947 3051 1066 3107; x_wconf 91' lang='lat' dir='ltr'><strong>Viterbii.</strong></span> <span class='ocrx_word' id='word_1_268' title='bbox 1103 3051 1134 3105; x_wconf 89' lang='lat' dir='ltr'><strong>In</strong></span> <span class='ocrx_word' id='word_1_269' title='bbox 1157 3050 1203 3105; x_wconf 87' lang='lat' dir='ltr'><strong>der</strong></span> <span class='ocrx_word' id='word_1_270' title='bbox 1227 3050 1425 3106; x_wconf 87' lang='lat' dir='ltr'><strong>vorstehenden</strong></span> <span class='ocrx_word' id='word_1_271' title='bbox 1448 3049 1570 3122; x_wconf 87' lang='lat' dir='ltr'><strong>Fassung</strong></span> <span class='ocrx_word' id='word_1_272' title='bbox 1592 3052 1625 3105; x_wconf 87' lang='lat' dir='ltr'><strong>ist</strong></span> <span class='ocrx_word' id='word_1_273' title='bbox 1649 3050 1695 3105; x_wconf 91' lang='lat' dir='ltr'><strong>das</strong></span> 
     </span>
    </p>

    <p class='ocr_par' dir='ltr' id='par_1_9' title="bbox 329 3138 1695 3477">
     <span class='ocr_line' id='line_1_28' title="bbox 329 3138 1695 3211; baseline 0 -18"><span class='ocrx_word' id='word_1_274' title='bbox 329 3163 332 3169; x_wconf 93' lang='lat'>·</span> <span class='ocrx_word' id='word_1_275' title='bbox 429 3138 583 3194; x_wconf 82' lang='lat' dir='ltr'><strong>Dolrument</strong></span> <span class='ocrx_word' id='word_1_276' title='bbox 601 3139 730 3211; x_wconf 80' lang='lat' dir='ltr'><strong>gedruclrt</strong></span> <span class='ocrx_word' id='word_1_277' title='bbox 747 3140 790 3194; x_wconf 90' lang='lat' dir='ltr'><strong>bei</strong></span> <span class='ocrx_word' id='word_1_278' title='bbox 808 3140 922 3195; x_wconf 88' lang='lat' dir='ltr'><strong>Herbert</strong></span> <span class='ocrx_word' id='word_1_279' title='bbox 939 3140 956 3196; x_wconf 92' lang='lat' dir='ltr'><strong>l.</strong></span> <span class='ocrx_word' id='word_1_280' title='bbox 976 3157 999 3195; x_wconf 90' lang='lat' dir='ltr'><strong>c.</strong></span> <span class='ocrx_word' id='word_1_281' title='bbox 1017 3155 1119 3211; x_wconf 77' lang='lat' dir='ltr'><strong>prop,</strong></span> <span class='ocrx_word' id='word_1_282' title='bbox 1138 3139 1181 3193; x_wconf 90' lang='lat' dir='ltr'><strong>bei</strong></span> <span class='ocrx_word' id='word_1_283' title='bbox 1199 3139 1307 3194; x_wconf 79' lang='lat' dir='ltr'><strong>Pococlr</strong></span> <span class='ocrx_word' id='word_1_284' title='bbox 1325 3138 1345 3195; x_wconf 89' lang='lat'><strong>1.</strong></span> <span class='ocrx_word' id='word_1_285' title='bbox 1366 3139 1424 3209; x_wconf 89' lang='lat'><strong>167,</strong></span> <span class='ocrx_word' id='word_1_286' title='bbox 1443 3139 1486 3193; x_wconf 89' lang='lat' dir='ltr'><strong>bei</strong></span> <span class='ocrx_word' id='word_1_287' title='bbox 1504 3139 1599 3193; x_wconf 90' lang='lat' dir='ltr'><strong>beiden</strong></span> <span class='ocrx_word' id='word_1_288' title='bbox 1618 3149 1695 3193; x_wconf 92' lang='lat' dir='ltr'><strong>unter</strong></span> 
     </span>
     <span class='ocr_line' id='line_1_29' title="bbox 428 3226 1694 3301; baseline 0.001 -20"><span class='ocrx_word' id='word_1_289' title='bbox 428 3226 491 3282; x_wconf 89' lang='lat' dir='ltr'><strong>dem</strong></span> <span class='ocrx_word' id='word_1_290' title='bbox 509 3228 620 3282; x_wconf 90' lang='lat' dir='ltr'><strong>Datum:</strong></span> <span class='ocrx_word' id='word_1_291' title='bbox 640 3228 751 3282; x_wconf 91' lang='lat' dir='ltr'><strong>Viterbii</strong></span> <span class='ocrx_word' id='word_1_292' title='bbox 763 3229 809 3288; x_wconf 85' lang='lat' dir='ltr'><strong>VI.</strong></span> <span class='ocrx_word' id='word_1_293' title='bbox 839 3228 877 3284; x_wconf 89' lang='lat' dir='ltr'><strong>ld.</strong></span> <span class='ocrx_word' id='word_1_294' title='bbox 896 3229 959 3283; x_wconf 92' lang='lat' dir='ltr'><strong>iunii</strong></span> <span class='ocrx_word' id='word_1_295' title='bbox 981 3229 1056 3299; x_wconf 83' lang='lat'><strong>1528,</strong></span> <span class='ocrx_word' id='word_1_296' title='bbox 1074 3229 1102 3283; x_wconf 91' lang='lat' dir='ltr'><strong>in</strong></span> <span class='ocrx_word' id='word_1_297' title='bbox 1120 3226 1167 3282; x_wconf 88' lang='lat' dir='ltr'><strong>der</strong></span> <span class='ocrx_word' id='word_1_298' title='bbox 1179 3228 1305 3282; x_wconf 88' lang='lat' dir='ltr'><strong>Variante</strong></span> <span class='ocrx_word' id='word_1_299' title='bbox 1324 3227 1365 3282; x_wconf 82' lang='lat' dir='ltr'><strong>fur</strong></span> <span class='ocrx_word' id='word_1_300' title='bbox 1377 3227 1491 3301; x_wconf 84' lang='lat' dir='ltr'><strong>Wolsey</strong></span> <span class='ocrx_word' id='word_1_301' title='bbox 1510 3228 1563 3281; x_wconf 91' lang='lat' dir='ltr'><strong>und</strong></span> <span class='ocrx_word' id='word_1_302' title='bbox 1582 3227 1694 3282; x_wconf 89' lang='lat' dir='ltr'><strong>Canter-</strong></span> 
     </span>
     <span class='ocr_line' id='line_1_30' title="bbox 429 3315 1695 3389; baseline 0 -20"><span class='ocrx_word' id='word_1_303' title='bbox 429 3316 496 3389; x_wconf 89' lang='lat' dir='ltr'><strong>bury</strong></span> <span class='ocrx_word' id='word_1_304' title='bbox 514 3316 557 3370; x_wconf 89' lang='lat' dir='ltr'><strong>bei</strong></span> <span class='ocrx_word' id='word_1_305' title='bbox 575 3316 684 3387; x_wconf 79' lang='lat' dir='ltr'><strong>Rymer,</strong></span> <span class='ocrx_word' id='word_1_306' title='bbox 707 3315 826 3371; x_wconf 87' lang='lat' dir='ltr'><strong>Foedera</strong></span> <span class='ocrx_word' id='word_1_307' title='bbox 846 3330 887 3383; x_wconf 86' lang='lat'><strong>14,</strong></span> <span class='ocrx_word' id='word_1_308' title='bbox 907 3331 965 3387; x_wconf 81' lang='lat'><strong>237.</strong></span> <span class='ocrx_word' id='word_1_309' title='bbox 1001 3316 1054 3370; x_wconf 89' lang='lat' dir='ltr'><strong>Die</strong></span> <span class='ocrx_word' id='word_1_310' title='bbox 1073 3316 1229 3388; x_wconf 83' lang='lat' dir='ltr'><strong>englischen</strong></span> <span class='ocrx_word' id='word_1_311' title='bbox 1247 3315 1385 3371; x_wconf 81' lang='lat' dir='ltr'><strong>Entwurse</strong></span> <span class='ocrx_word' id='word_1_312' title='bbox 1409 3315 1450 3370; x_wconf 78' lang='lat' dir='ltr'><strong>fur</strong></span> <span class='ocrx_word' id='word_1_313' title='bbox 1468 3316 1510 3370; x_wconf 89' lang='lat' dir='ltr'><strong>die</strong></span> <span class='ocrx_word' id='word_1_314' title='bbox 1529 3315 1695 3387; x_wconf 67' lang='lat' dir='ltr'><strong>(Demetai)</strong></span> 
     </span>
     <span class='ocr_line' id='line_1_31' title="bbox 429 3404 1693 3477; baseline 0.002 -19"><span class='ocrx_word' id='word_1_315' title='bbox 429 3404 504 3458; x_wconf 85' lang='lat' dir='ltr'><strong>Bnlle</strong></span> <span class='ocrx_word' id='word_1_316' title='bbox 529 3406 624 3459; x_wconf 89' lang='lat' dir='ltr'><strong>stehen</strong></span> <span class='ocrx_word' id='word_1_317' title='bbox 649 3405 692 3459; x_wconf 90' lang='lat' dir='ltr'><strong>bei</strong></span> <span class='ocrx_word' id='word_1_318' title='bbox 717 3405 862 3460; x_wconf 72' lang='lat' dir='ltr'><strong>Eumeni</strong></span> <span class='ocrx_word' id='word_1_319' title='bbox 885 3404 954 3460; x_wconf 89' lang='lat' dir='ltr'><strong>Coll.</strong></span> <span class='ocrx_word' id='word_1_320' title='bbox 974 3404 1007 3459; x_wconf 89' lang='lat'><strong>11.</strong></span> <span class='ocrx_word' id='word_1_321' title='bbox 1031 3421 1118 3471; x_wconf 84' lang='lat' dir='ltr'><strong>nro,</strong></span> <span class='ocrx_word' id='word_1_322' title='bbox 1144 3404 1207 3460; x_wconf 90' lang='lat' dir='ltr'><strong>Poc.</strong></span> <span class='ocrx_word' id='word_1_323' title='bbox 1227 3405 1247 3460; x_wconf 92' lang='lat'><strong>1.</strong></span> <span class='ocrx_word' id='word_1_324' title='bbox 1273 3423 1298 3477; x_wconf 91' lang='lat' dir='ltr'><strong>p.</strong></span> <span class='ocrx_word' id='word_1_325' title='bbox 1319 3406 1360 3460; x_wconf 89' lang='lat'><strong>28.</strong></span> <span class='ocrx_word' id='word_1_326' title='bbox 1396 3404 1489 3476; x_wconf 83' lang='lat' dir='ltr'><strong>Vergl.</strong></span> <span class='ocrx_word' id='word_1_327' title='bbox 1515 3405 1624 3459; x_wconf 88' lang='lat' dir='ltr'><strong>Brewer</strong></span> <span class='ocrx_word' id='word_1_328' title='bbox 1646 3405 1693 3460; x_wconf 93' lang='lat' dir='ltr'><strong>lV.</strong></span> 
     </span>
    </p>

    <p class='ocr_par' dir='ltr' id='par_1_10' title="bbox 428 3482 1693 3653">
     <span class='ocr_line' id='line_1_32' title="bbox 428 3482 1693 3564; baseline 0 -17"><span class='ocrx_word' id='word_1_329' title='bbox 428 3510 454 3547; x_wconf 94' lang='lat' dir='ltr'><strong>n.</strong></span> <span class='ocrx_word' id='word_1_330' title='bbox 476 3492 550 3562; x_wconf 84' lang='lat'><strong>3643.</strong></span> <span class='ocrx_word' id='word_1_331' title='bbox 587 3482 661 3548; x_wconf 80' lang='lat' dir='ltr'><strong>Uber</strong></span> <span class='ocrx_word' id='word_1_332' title='bbox 683 3493 725 3547; x_wconf 91' lang='lat' dir='ltr'><strong>die</strong></span> <span class='ocrx_word' id='word_1_333' title='bbox 740 3492 1013 3547; x_wconf 86' lang='lat' dir='ltr'><strong>Verschiedenheiten</strong></span> <span class='ocrx_word' id='word_1_334' title='bbox 1036 3493 1073 3546; x_wconf 90' lang='lat' dir='ltr'><strong>im</strong></span> <span class='ocrx_word' id='word_1_335' title='bbox 1091 3492 1192 3547; x_wconf 90' lang='lat' dir='ltr'><strong>Datum</strong></span> <span class='ocrx_word' id='word_1_336' title='bbox 1214 3492 1268 3547; x_wconf 88' lang='lat' dir='ltr'><strong>und</strong></span> <span class='ocrx_word' id='word_1_337' title='bbox 1291 3494 1318 3547; x_wconf 90' lang='lat' dir='ltr'><strong>in</strong></span> <span class='ocrx_word' id='word_1_338' title='bbox 1341 3493 1387 3547; x_wconf 88' lang='lat' dir='ltr'><strong>der</strong></span> <span class='ocrx_word' id='word_1_339' title='bbox 1405 3492 1526 3564; x_wconf 84' lang='lat' dir='ltr'><strong>Fassung</strong></span> <span class='ocrx_word' id='word_1_340' title='bbox 1549 3492 1595 3547; x_wconf 90' lang='lat' dir='ltr'><strong>der</strong></span> <span class='ocrx_word' id='word_1_341' title='bbox 1619 3493 1693 3547; x_wconf 88' lang='lat' dir='ltr'><strong>Bulle</strong></span> 
     </span>
     <span class='ocr_line' id='line_1_33' title="bbox 429 3580 1693 3653; baseline 0 -17"><span class='ocrx_word' id='word_1_342' title='bbox 429 3580 512 3652; x_wconf 81' lang='lat' dir='ltr'><strong>vergi.</strong></span> <span class='ocrx_word' id='word_1_343' title='bbox 529 3582 619 3636; x_wconf 88' lang='lat' dir='ltr'><strong>meine</strong></span> <span class='ocrx_word' id='word_1_344' title='bbox 633 3581 774 3636; x_wconf 77' lang='lat' dir='ltr'><strong>Aufsitze:</strong></span> <span class='ocrx_word' id='word_1_345' title='bbox 794 3581 845 3635; x_wconf 88' lang='lat' dir='ltr'><strong>Die</strong></span> <span class='ocrx_word' id='word_1_346' title='bbox 864 3581 1011 3653; x_wconf 75' lang='lat' dir='ltr'><strong>papstliche</strong></span> <span class='ocrx_word' id='word_1_347' title='bbox 1029 3580 1180 3650; x_wconf 84' lang='lat' dir='ltr'><strong>Dekretale‚</strong></span> <span class='ocrx_word' id='word_1_348' title='bbox 1199 3581 1298 3637; x_wconf 88' lang='lat' dir='ltr'><strong>Histor.</strong></span> <span class='ocrx_word' id='word_1_349' title='bbox 1317 3582 1405 3653; x_wconf 90' lang='lat' dir='ltr'><strong>Jahrb.</strong></span> <span class='ocrx_word' id='word_1_350' title='bbox 1423 3582 1489 3636; x_wconf 87' lang='lat'>1888</span> <span class='ocrx_word' id='word_1_351' title='bbox 1508 3580 1534 3636; x_wconf 84' lang='lat' dir='ltr'><strong>S.</strong></span> <span class='ocrx_word' id='word_1_352' title='bbox 1551 3596 1590 3651; x_wconf 85' lang='lat'><strong>37,</strong></span> <span class='ocrx_word' id='word_1_353' title='bbox 1610 3595 1658 3652; x_wconf 84' lang='lat'><strong>245</strong></span> <span class='ocrx_word' id='word_1_354' title='bbox 1674 3580 1693 3636; x_wconf 82' lang='lat' dir='ltr'><strong>f.</strong></span> 
     </span>
    </p>
   </div>
   <div class='ocr_carea' id='block_1_5' title="bbox 978 3794 1042 3879">
    <p class='ocr_par' dir='ltr' id='par_1_11' title="bbox 978 3794 1042 3879">
     <span class='ocr_line' id='line_1_34' title="bbox 978 3794 1042 3879; baseline -0.016 0"><span class='ocrx_word' id='word_1_355' title='bbox 978 3794 1042 3879; x_wconf 74' lang='lat'><strong>28.</strong></span> 
     </span>
    </p>
   </div>
   <div class='ocr_carea' id='block_1_6' title="bbox 441 3952 1572 4041">
    <p class='ocr_par' dir='ltr' id='par_1_12' title="bbox 441 3952 1572 4041">
     <span class='ocr_line' id='line_1_35' title="bbox 441 3952 1572 4041; baseline -0.001 -22"><span class='ocrx_word' id='word_1_356' title='bbox 441 3952 617 4019; x_wconf 88' lang='lat' dir='ltr'><strong>Promissio</strong></span> <span class='ocrx_word' id='word_1_357' title='bbox 642 3952 818 4020; x_wconf 88' lang='lat' dir='ltr'><strong>Clementis</strong></span> <span class='ocrx_word' id='word_1_358' title='bbox 840 3952 942 4041; x_wconf 87' lang='lat' dir='ltr'><strong>Papae</strong></span> <span class='ocrx_word' id='word_1_359' title='bbox 961 3952 1043 4035; x_wconf 82' lang='lat' dir='ltr'><strong>vll,</strong></span> <span class='ocrx_word' id='word_1_360' title='bbox 1067 3954 1134 4020; x_wconf 92' lang='lat' dir='ltr'><strong>eius</strong></span> <span class='ocrx_word' id='word_1_361' title='bbox 1157 3975 1253 4021; x_wconf 91' lang='lat' dir='ltr'><strong>manu</strong></span> <span class='ocrx_word' id='word_1_362' title='bbox 1276 3953 1400 4041; x_wconf 88' lang='lat' dir='ltr'><strong>scripta,</strong></span> <span class='ocrx_word' id='word_1_363' title='bbox 1424 3952 1457 4018; x_wconf 91' lang='lat' dir='ltr'><strong>in</strong></span> <span class='ocrx_word' id='word_1_364' title='bbox 1481 3974 1572 4019; x_wconf 88' lang='lat' dir='ltr'><strong>causa</strong></span> 
     </span>
    </p>
   </div>
   <div class='ocr_carea' id='block_1_7' title="bbox 323 4056 1691 4254">
    <p class='ocr_par' dir='ltr' id='par_1_13' title="bbox 323 4056 1691 4254">
     <span class='ocr_line' id='line_1_36' title="bbox 323 4056 1691 4148; baseline -0.003 -21"><span class='ocrx_word' id='word_1_365' title='bbox 323 4059 449 4128; x_wconf 89' lang='lat' dir='ltr'><strong>divortii</strong></span> <span class='ocrx_word' id='word_1_366' title='bbox 472 4059 556 4147; x_wconf 89' lang='lat' dir='ltr'><strong>regis</strong></span> <span class='ocrx_word' id='word_1_367' title='bbox 580 4071 611 4126; x_wconf 87' lang='lat' dir='ltr'><strong>et</strong></span> <span class='ocrx_word' id='word_1_368' title='bbox 634 4060 762 4147; x_wconf 85' lang='lat' dir='ltr'><strong>reginae</strong></span> <span class='ocrx_word' id='word_1_369' title='bbox 785 4058 934 4147; x_wconf 84' lang='lat' dir='ltr'><strong>Angliae,</strong></span> <span class='ocrx_word' id='word_1_370' title='bbox 958 4082 1031 4126; x_wconf 90' lang='lat' dir='ltr'><strong>cum</strong></span> <span class='ocrx_word' id='word_1_371' title='bbox 1054 4057 1158 4147; x_wconf 88' lang='lat' dir='ltr'><strong>sigillo</strong></span> <span class='ocrx_word' id='word_1_372' title='bbox 1181 4060 1319 4146; x_wconf 90' lang='lat' dir='ltr'><strong>signata,</strong></span> <span class='ocrx_word' id='word_1_373' title='bbox 1342 4058 1459 4148; x_wconf 87' lang='lat' dir='ltr'><strong>absque</strong></span> <span class='ocrx_word' id='word_1_374' title='bbox 1482 4056 1533 4126; x_wconf 93' lang='lat' dir='ltr'><strong>die</strong></span> <span class='ocrx_word' id='word_1_375' title='bbox 1555 4069 1588 4125; x_wconf 90' lang='lat' dir='ltr'><strong>et</strong></span> <span class='ocrx_word' id='word_1_376' title='bbox 1611 4056 1691 4124; x_wconf 89' lang='lat' dir='ltr'><strong>data.</strong></span> 
     </span>
     <span class='ocr_line' id='line_1_37' title="bbox 776 4163 1239 4254; baseline 0.002 -22"><span class='ocrx_word' id='word_1_377' title='bbox 776 4163 938 4254; x_wconf 89' lang='lat' dir='ltr'><strong>(Viterbo,</strong></span> <span class='ocrx_word' id='word_1_378' title='bbox 963 4185 1015 4252; x_wconf 82' lang='lat'><strong>23.</strong></span> <span class='ocrx_word' id='word_1_379' title='bbox 1038 4163 1100 4250; x_wconf 87' lang='lat' dir='ltr'><strong>Juli</strong></span> <span class='ocrx_word' id='word_1_380' title='bbox 1128 4164 1239 4254; x_wconf 83' lang='lat'><strong>1528.)</strong></span> 
     </span>
    </p>
   </div>
   <div class='ocr_carea' id='block_1_8' title="bbox 319 4323 1692 4643">
    <p class='ocr_par' dir='ltr' id='par_1_14' title="bbox 319 4323 1692 4643">
     <span class='ocr_line' id='line_1_38' title="bbox 431 4323 1691 4397; baseline -0.002 -20"><span class='ocrx_word' id='word_1_381' title='bbox 431 4323 594 4396; x_wconf 83' lang='lat' dir='ltr'><strong>Versprechen</strong></span> <span class='ocrx_word' id='word_1_382' title='bbox 612 4324 655 4377; x_wconf 85' lang='lat' dir='ltr'><strong>des</strong></span> <span class='ocrx_word' id='word_1_383' title='bbox 674 4323 782 4397; x_wconf 84' lang='lat' dir='ltr'><strong>Papstcs,</strong></span> <span class='ocrx_word' id='word_1_384' title='bbox 799 4324 841 4378; x_wconf 84' lang='lat' dir='ltr'><strong>die</strong></span> <span class='ocrx_word' id='word_1_385' title='bbox 858 4324 907 4376; x_wconf 86' lang='lat' dir='ltr'><strong>den</strong></span> <span class='ocrx_word' id='word_1_386' title='bbox 925 4323 1014 4377; x_wconf 80' lang='lat' dir='ltr'><strong>beiden</strong></span> <span class='ocrx_word' id='word_1_387' title='bbox 1028 4324 1192 4378; x_wconf 79' lang='lat' dir='ltr'><strong>Kardindlen</strong></span> <span class='ocrx_word' id='word_1_388' title='bbox 1210 4325 1307 4378; x_wconf 82' lang='lat' dir='ltr'><strong>erter&#39;ite</strong></span> <span class='ocrx_word' id='word_1_389' title='bbox 1321 4324 1491 4377; x_wconf 82' lang='lat' dir='ltr'><strong>Kommission</strong></span> <span class='ocrx_word' id='word_1_390' title='bbox 1509 4323 1578 4377; x_wconf 83' lang='lat' dir='ltr'><strong>nicht</strong></span> <span class='ocrx_word' id='word_1_391' title='bbox 1595 4323 1691 4377; x_wconf 83' lang='lat' dir='ltr'><strong>wider-</strong></span> 
     </span>
     <span class='ocr_line' id='line_1_39' title="bbox 321 4412 1692 4484; baseline 0.001 -19"><span class='ocrx_word' id='word_1_392' title='bbox 321 4412 395 4484; x_wconf 76' lang='lat' dir='ltr'><strong>rusen</strong></span> <span class='ocrx_word' id='word_1_393' title='bbox 414 4413 476 4466; x_wconf 83' lang='lat' dir='ltr'><strong>oder</strong></span> <span class='ocrx_word' id='word_1_394' title='bbox 489 4412 632 4482; x_wconf 74' lang='lat' dir='ltr'><strong>entlrdften</strong></span> <span class='ocrx_word' id='word_1_395' title='bbox 649 4429 680 4482; x_wconf 68' lang='lat' dir='ltr'><strong>ru</strong></span> <span class='ocrx_word' id='word_1_396' title='bbox 698 4412 925 4477; x_wconf 66' lang='lat' dir='ltr'><strong>tandemtandem</strong></span> <span class='ocrx_word' id='word_1_397' title='bbox 941 4431 1024 4483; x_wconf 60' lang='grc' dir='ltr'><strong>ειμι</strong></span> <span class='ocrx_word' id='word_1_398' title='bbox 1042 4413 1093 4466; x_wconf 80' lang='lat' dir='ltr'><strong>alle</strong></span> <span class='ocrx_word' id='word_1_399' title='bbox 1111 4412 1232 4467; x_wconf 83' lang='lat' dir='ltr'><strong>Versucbe</strong></span> <span class='ocrx_word' id='word_1_400' title='bbox 1249 4412 1364 4484; x_wconf 76' lang='lat' dir='ltr'><strong>aufrecbt</strong></span> <span class='ocrx_word' id='word_1_401' title='bbox 1382 4430 1412 4482; x_wconf 65' lang='lat' dir='ltr'><strong>ru</strong></span> <span class='ocrx_word' id='word_1_402' title='bbox 1427 4412 1540 4466; x_wconf 81' lang='lat' dir='ltr'><strong>erhalten</strong></span> <span class='ocrx_word' id='word_1_403' title='bbox 1558 4413 1612 4466; x_wconf 80' lang='lat' dir='ltr'><strong>und</strong></span> <span class='ocrx_word' id='word_1_404' title='bbox 1629 4414 1692 4467; x_wconf 85' lang='lat' dir='ltr'><strong>alles</strong></span> 
     </span>
     <span class='ocr_line' id='line_1_40' title="bbox 320 4500 1691 4572; baseline 0 -18"><span class='ocrx_word' id='word_1_405' title='bbox 320 4518 351 4570; x_wconf 66' lang='lat' dir='ltr'><strong>ru</strong></span> <span class='ocrx_word' id='word_1_406' title='bbox 369 4501 515 4572; x_wconf 79' lang='lat' dir='ltr'><strong>bestdtigen,</strong></span> <span class='ocrx_word' id='word_1_407' title='bbox 539 4517 593 4554; x_wconf 87' lang='lat' dir='ltr'><strong>was</strong></span> <span class='ocrx_word' id='word_1_408' title='bbox 610 4501 653 4554; x_wconf 83' lang='lat' dir='ltr'><strong>die</strong></span> <span class='ocrx_word' id='word_1_409' title='bbox 671 4500 817 4554; x_wconf 76' lang='lat' dir='ltr'><strong>Kardinale</strong></span> <span class='ocrx_word' id='word_1_410' title='bbox 839 4500 891 4571; x_wconf 84' lang='lat' dir='ltr'><strong>aus</strong></span> <span class='ocrx_word' id='word_1_411' title='bbox 907 4500 1001 4554; x_wconf 81' lang='lat' dir='ltr'><strong>Grund</strong></span> <span class='ocrx_word' id='word_1_412' title='bbox 1018 4502 1144 4555; x_wconf 83' lang='lat' dir='ltr'><strong>derselben</strong></span> <span class='ocrx_word' id='word_1_413' title='bbox 1167 4501 1324 4572; x_wconf 82' lang='lat' dir='ltr'><strong>beschliessen</strong></span> <span class='ocrx_word' id='word_1_414' title='bbox 1347 4501 1400 4555; x_wconf 82' lang='lat' dir='ltr'><strong>und</strong></span> <span class='ocrx_word' id='word_1_415' title='bbox 1418 4518 1449 4571; x_wconf 67' lang='lat' dir='ltr'><strong>qu</strong></span> <span class='ocrx_word' id='word_1_416' title='bbox 1468 4500 1544 4556; x_wconf 83' lang='lat' dir='ltr'><strong>Recht</strong></span> <span class='ocrx_word' id='word_1_417' title='bbox 1567 4502 1691 4555; x_wconf 72' lang='lat' dir='ltr'><strong>ariennen</strong></span> 
     </span>
     <span class='ocr_line' id='line_1_41' title="bbox 319 4590 429 4643; baseline 0 0"><span class='ocrx_word' id='word_1_418' title='bbox 319 4590 429 4643; x_wconf 80' lang='lat' dir='ltr'><strong>werden.</strong></span> 
     </span>
    </p>
   </div>
   <div class='ocr_carea' id='block_1_9' title="bbox 319 4711 1691 5016">
    <p class='ocr_par' dir='ltr' id='par_1_15' title="bbox 319 4711 1691 5016">
     <span class='ocr_line' id='line_1_42' title="bbox 426 4711 1691 4803; baseline 0 -23"><span class='ocrx_word' id='word_1_419' title='bbox 426 4711 511 4781; x_wconf 88' lang='lat' dir='ltr'><strong>Cum</strong></span> <span class='ocrx_word' id='word_1_420' title='bbox 540 4735 601 4781; x_wconf 89' lang='lat' dir='ltr'><strong>nos</strong></span> <span class='ocrx_word' id='word_1_421' title='bbox 629 4712 780 4780; x_wconf 90' lang='lat' dir='ltr'><strong>iustitiam</strong></span> <span class='ocrx_word' id='word_1_422' title='bbox 808 4713 875 4780; x_wconf 90' lang='lat' dir='ltr'><strong>eius</strong></span> <span class='ocrx_word' id='word_1_423' title='bbox 904 4735 1014 4781; x_wconf 89' lang='lat' dir='ltr'><strong>causae</strong></span> <span class='ocrx_word' id='word_1_424' title='bbox 1042 4712 1291 4802; x_wconf 87' lang='lat' dir='ltr'><strong>perpendentes,</strong></span> <span class='ocrx_word' id='word_1_425' title='bbox 1324 4736 1419 4803; x_wconf 89' lang='lat' dir='ltr'><strong>quam</strong></span> <span class='ocrx_word' id='word_1_426' title='bbox 1450 4713 1629 4781; x_wconf 90' lang='lat' dir='ltr'><strong>carissimus</strong></span> <span class='ocrx_word' id='word_1_427' title='bbox 1656 4713 1691 4780; x_wconf 93' lang='lat' dir='ltr'><strong>in</strong></span> 
     </span>
     <span class='ocr_line' id='line_1_43' title="bbox 321 4817 1690 4907; baseline -0.001 -20"><span class='ocrx_word' id='word_1_428' title='bbox 321 4817 450 4887; x_wconf 89' lang='lat' dir='ltr'><strong>Christo</strong></span> <span class='ocrx_word' id='word_1_429' title='bbox 467 4817 487 4886; x_wconf 88' lang='lat' dir='ltr'><strong>f.</strong></span> <span class='ocrx_word' id='word_1_430' title='bbox 504 4842 536 4885; x_wconf 93' lang='lat' dir='ltr'><strong>n.</strong></span> <span class='ocrx_word' id='word_1_431' title='bbox 552 4818 710 4885; x_wconf 90' lang='lat' dir='ltr'><strong>Henricus</strong></span> <span class='ocrx_word' id='word_1_432' title='bbox 726 4830 857 4887; x_wconf 87' lang='lat' dir='ltr'><strong>octavus</strong></span> <span class='ocrx_word' id='word_1_433' title='bbox 868 4819 1002 4907; x_wconf 87' lang='lat' dir='ltr'><strong>Angliae</strong></span> <span class='ocrx_word' id='word_1_434' title='bbox 1018 4842 1074 4887; x_wconf 80' lang='lat' dir='ltr'><strong>rex</strong></span> <span class='ocrx_word' id='word_1_435' title='bbox 1088 4819 1226 4903; x_wconf 87' lang='lat' dir='ltr'><strong>illustris,</strong></span> <span class='ocrx_word' id='word_1_436' title='bbox 1241 4818 1316 4888; x_wconf 90' lang='lat' dir='ltr'><strong>fidei</strong></span> <span class='ocrx_word' id='word_1_437' title='bbox 1331 4818 1480 4888; x_wconf 84' lang='lat' dir='ltr'><strong>defensor</strong></span> <span class='ocrx_word' id='word_1_438' title='bbox 1492 4838 1524 4887; x_wconf 90' lang='lat' dir='ltr'><strong>et</strong></span> <span class='ocrx_word' id='word_1_439' title='bbox 1540 4818 1690 4888; x_wconf 89' lang='lat' dir='ltr'><strong>dominus</strong></span> 
     </span>
     <span class='ocr_line' id='line_1_44' title="bbox 319 4921 1690 5016; baseline 0.002 -25"><span class='ocrx_word' id='word_1_440' title='bbox 319 4923 500 5006; x_wconf 87' lang='lat' dir='ltr'><strong>Hiberniae,</strong></span> <span class='ocrx_word' id='word_1_441' title='bbox 524 4921 564 4991; x_wconf 90' lang='lat' dir='ltr'><strong>de</strong></span> <span class='ocrx_word' id='word_1_442' title='bbox 588 4924 654 4991; x_wconf 91' lang='lat' dir='ltr'><strong>eius</strong></span> <span class='ocrx_word' id='word_1_443' title='bbox 677 4925 873 4994; x_wconf 87' lang='lat' dir='ltr'><strong>matrimonii</strong></span> <span class='ocrx_word' id='word_1_444' title='bbox 897 4924 1038 4995; x_wconf 90' lang='lat' dir='ltr'><strong>nullitate</strong></span> <span class='ocrx_word' id='word_1_445' title='bbox 1061 4925 1143 5015; x_wconf 89' lang='lat' dir='ltr'><strong>apud</strong></span> <span class='ocrx_word' id='word_1_446' title='bbox 1167 4949 1229 4994; x_wconf 91' lang='lat' dir='ltr'><strong>nos</strong></span> <span class='ocrx_word' id='word_1_447' title='bbox 1252 4928 1408 5015; x_wconf 88' lang='lat' dir='ltr'><strong>exposuit,</strong></span> <span class='ocrx_word' id='word_1_448' title='bbox 1432 4925 1519 5016; x_wconf 94' lang='lat' dir='ltr'><strong>quod</strong></span> <span class='ocrx_word' id='word_1_449' title='bbox 1543 4950 1616 4994; x_wconf 90' lang='lat' dir='ltr'><strong>cum</strong></span> <span class='ocrx_word' id='word_1_450' title='bbox 1640 4950 1690 4994; x_wconf 89' lang='lat' dir='ltr'><strong>ca·</strong></span> 
     </span>
    </p>
   </div>
   <div class='ocr_carea' id='block_1_10' title="bbox 0 0 1926 5592">
    <p class='ocr_par' dir='ltr' id='par_1_16' title="bbox 0 0 1926 5592">
     <span class='ocr_line' id='line_1_45' title="bbox 0 0 1926 5592; baseline 0 6"><span class='ocrx_word' id='word_1_451' title='bbox 0 0 1926 5592; x_wconf 95' lang='lat' dir='ltr'><strong> </strong></span> 
     </span>
    </p>
   </div>
  </div>
 </body>
</html>
