3836 5598
260 337 325 393 1529
345 322 472 377 Oktober.
1563 312 1623 373 135

257 482 424 549 occasione
454 480 484 548 di
513 504 623 548 nuovo
652 480 756 548 molto
784 481 937 549 l’accertai
966 481 1005 548 de
1036 482 1064 548 la
1091 480 1196 549 buona
1227 494 1335 550 mente
1365 481 1395 549 di
1422 483 1464 549 N.
1490 483 1626 571 Signore

256 610 349 654 verso
373 587 404 654 S.
421 588 477 669 M,
503 599 534 655 et
557 588 615 655 che
639 586 670 654 di
694 587 733 654 lei
757 599 940 656 veramente
963 600 1077 676 poteva
1101 589 1304 676 promettersi
1327 600 1411 657 tutto
1436 588 1541 678 quello
1566 589 1625 656 che

256 693 284 760 le
308 717 359 760 cra
381 692 530 781 possibile
553 717 570 760 a
593 692 749 761 beneficio
773 717 842 760 suo.
893 694 949 760 »Et
973 695 1017 760 mi
1040 717 1135 782 parve
1159 694 1355 782 expediente,
1380 694 1419 763 ad
1442 695 1625 763 evitandum

255 800 356 866 maius
372 799 501 881 malum,
525 798 730 867 intratenerlo
755 823 817 866 con
835 799 966 889 qualche
989 823 1147 888 speranza,
1171 813 1202 868 et
1218 802 1312 868 etiam
1337 800 1453 883 iudic0,
1477 802 1535 869 che
1559 825 1626 869 non

254 906 299 971 sia
322 905 418 985 male,
446 905 505 972 che
529 904 560 972 di
583 909 663 972 costl
692 907 718 971 si
742 904 838 973 faccia
864 905 886 972 il
909 905 1087 973 medesimo
1112 918 1143 974 et
1172 930 1206 973 se
1233 905 1254 973 li
1283 906 1454 975 satisfaccia
1482 909 1514 974 in
1543 919 1626 976 tutto

255 1009 359 1100 quello
383 1011 408 1077 si
432 1012 507 1099 pub,
531 1034 625 1078 come
649 1036 665 1078 a
688 1012 786 1079 bocca
808 1013 863 1099 poi
886 1011 955 1079 dirb
980 1035 997 1077 a
1019 1011 1118 1100 lungo
1143 1012 1199 1079 alla
1222 1012 1419 1081 Beatitudine
1441 1014 1533 1081 Sua«

360 1135 556 1204 Finalmente
579 1137 623 1202 mi
647 1135 732 1204 dette
756 1135 840 1203 bona
863 1136 1003 1219 licentia,
1028 1156 1058 1204 et
1081 1136 1314 1204 ritornandomi
1338 1162 1355 1204 a
1379 1161 1449 1206 casa
1470 1140 1514 1205 mi
1537 1139 1626 1206 assall

256 1266 296 1308 un
322 1240 415 1309 dolor
438 1241 470 1308 di
493 1241 597 1310 hanco
622 1265 684 1309 con
707 1242 735 1309 la
763 1241 903 1331 podagra
934 1244 1082 1326 insieme,
1111 1243 1169 1312 che
1193 1244 1347 1312 m’hanno
1375 1256 1571 1313 tormentato
1595 1245 1626 1312 X

255 1349 360 1435 giorni
384 1349 538 1431 continui,
562 1373 602 1416 ne
626 1348 646 1416 li
670 1349 751 1439 quali
775 1372 852 1437 pure
876 1349 919 1416 ho
944 1348 1022 1417 fatto
1046 1348 1153 1438 colligi
1175 1350 1354 1432 sarcinulas,
1378 1370 1409 1418 et
1433 1353 1500 1418 cosi
1523 1350 1573 1417 alli
1596 1352 1626 1418 V

256 1451 305 1520 del
334 1474 481 1542 presente
511 1456 555 1522 mi
584 1457 662 1544 parti
691 1454 730 1522 da
752 1453 880 1523 Londra
909 1467 939 1522 et
969 1455 1069 1544 hoggi
1097 1457 1140 1523 mi
1169 1468 1263 1524 trovo
1292 1458 1345 1546 qui
1372 1459 1405 1524 in
1429 1456 1627 1540 Canterburi,

258 1559 365 1628 donde
388 1560 544 1649 passando
568 1561 588 1627 il
611 1560 802 1630 Reverendo
825 1560 949 1629 auditor
973 1560 1012 1628 de
1036 1562 1064 1629 la
1087 1562 1222 1630 Camera
1244 1563 1265 1629 li
1289 1562 1331 1630 do
1355 1574 1465 1652 questa
1487 1564 1568 1646 mia3
1597 1574 1628 1631 et

255 1689 310 1753 per
332 1665 360 1733 la
384 1666 509 1735 celerita
532 1691 587 1737 sua
612 1681 642 1735 et
666 1667 767 1736 anche
791 1667 907 1756 perche
930 1691 1042 1757 penso,
1067 1670 1126 1736 che
1142 1669 1182 1735 V.
1200 1669 1231 1736 S.
1256 1668 1296 1736 da
1322 1669 1364 1737 lui
1387 1669 1552 1738 intendera
1574 1671 1627 1759 piu

255 1774 390 1861 appieno
415 1774 454 1841 de
483 1774 511 1841 le
535 1797 611 1842 cose
640 1774 669 1842 di
695 1778 770 1864 qua,
799 1798 865 1841 non
894 1776 965 1841 sard
990 1776 1042 1863 piu
1066 1774 1176 1864 lungo,
1205 1779 1246 1843 ne
1270 1799 1326 1864 per
1353 1776 1431 1844 hora
1462 1775 1529 1844 farb
1553 1775 1629 1844 altra

256 1879 419 1968 particular
441 1881 576 1968 risposta
599 1880 658 1947 alle
681 1905 747 1948 sue.

360 2004 526 2091 Ringratio
551 2027 614 2071 con
636 2003 743 2072 tutto'l
766 2027 840 2072 core
864 2005 906 2072 N.
931 2005 1067 2093 Signore
1091 2005 1122 2072 di
1145 2017 1265 2095 quanto
1282 2006 1322 2072 V.
1340 2005 1371 2072 S.
1395 2007 1439 2073 mi
1463 2008 1564 2073 scrive
1588 2004 1628 2074 de

255 2108 282 2176 la
305 2133 359 2177 sua
383 2111 504 2196 optima
528 2122 636 2178 mente
659 2133 752 2177 verso
777 2109 807 2178 di
831 2134 894 2192 me,
916 2110 943 2177 al
967 2111 1056 2199 quale
1080 2111 1290 2179 humilmente
1313 2110 1389 2179 baso
1413 2110 1433 2177 li
1457 2112 1627 2179 santissimi

255 2215 348 2305 piedi,
374 2228 405 2283 et
427 2217 500 2283 aV.
525 2216 556 2283 S.
582 2216 613 2284 di
637 2217 791 2284 continuo
815 2218 860 2283 mi
883 2215 1142 2285 raccommando.

363 2340 521 2408 »Passano
545 2340 622 2408 hora
645 2340 665 2407 il
682 2363 760 2429 gran
783 2340 927 2409 scudiere
951 2353 982 2408 et
1005 2340 1026 2407 il
1047 2341 1103 2408 Dr.
1120 2341 1246 2409 Sanson
1270 2341 1392 2410 decano
1409 2341 1489 2410 della
1512 2342 1628 2431 capella

255 2447 286 2514 di
310 2448 340 2514 S.
366 2447 411 2514 M.
436 2448 554 2514 oratori
582 2445 632 2513 all'
656 2447 866 2535 imperatore,
895 2470 951 2535 per
981 2446 1151 2515 confirmar
1178 2447 1207 2514 la
1235 2447 1509 2531 confederatione,
1538 2460 1570 2516 et
1597 2447 1628 2516 di

254 2552 341 2621 buon
365 2552 463 2640 luogo
492 2551 636 2634 intendo,
666 2552 724 2619 che
748 2553 779 2620 S.
804 2555 848 2620 M.
873 2555 913 2621 ha
936 2576 1120 2620 commesso
1144 2577 1161 2620 a
1184 2553 1286 2642 questi
1315 2556 1387 2622 suoi
1410 2555 1544 2637 oratori,
1569 2555 1628 2623 che

255 2660 350 2727 etiam
374 2658 430 2726 se'l
454 2658 702 2727 CristIanissimo
727 2683 793 2727 non
817 2658 992 2742 ratificaret,
1016 2660 1073 2748 ipsi
1097 2658 1252 2728 ratificent
1275 2671 1306 2727 et
1329 2660 1459 2748 portino
1482 2659 1510 2726 la
1533 2658 1627 2729 ratifi-

255 2765 379 2833 catioue
403 2763 454 2832 del
476 2766 680 2855 Imperatore.
727 2766 773 2832 Mi
795 2789 868 2854 pare
896 2789 1012 2834 ancora
1035 2764 1164 2849 vedere,
1193 2766 1252 2833 che
1275 2766 1417 2835 rehavuti
1444 2766 1464 2834 li
1488 2765 1553 2854 hgli
1576 2765 1627 2835 del

257 2870 505 2939 Cristianissirno
526 2884 636 2961 questa
658 2895 734 2960 pace
757 2896 825 2939 non
848 2873 892 2940 sia
916 2895 971 2960 per
994 2871 1086 2939 durar
1109 2872 1243 2940 molto«

361 3013 558 3095 cantuariae,
583 3036 613 3100 7.
638 3012 777 3081 octobris
806 3035 840 3100 15
867 3035 896 3100 9.

855 3173 896 3240 D.
920 3174 961 3240 V.
991 3174 1022 3241 S.

740 3298 794 3364 Uti
818 3295 899 3364 filius
923 3295 1137 3367 deditissimus
1297 3394 1301 3405 Ι

1156 3421 1192 3488 L.
1217 3420 1289 3488 Car.
1316 3420 1519 3509 Campegius.

465 3633 549 3686 Nunz.
569 3634 594 3686 di
613 3634 704 3687 Germ.
727 3649 766 3703 53,
788 3633 805 3688 f.
827 3648 889 3701 204,
914 3632 1070 3704 Auflosung
1093 3633 1140 3687 der
1159 3632 1367 3687 GeheImschrilt
1391 3632 1408 3687 f.
1429 3647 1488 3700 205.
1525 3631 1624 3703 Einge—

360 3720 447 3775 laulen
470 3739 514 3774 am
538 3736 578 3789 25.
599 3720 727 3776 Oktober.
765 3721 883 3776 TheIner
905 3739 930 3792 p.
953 3722 1010 3790 587.
1047 3721 1099 3774 Die
1123 3720 1325 3792 BefriedIgung,
1349 3719 1391 3774 die
1413 3720 1540 3774 Helnrich
1552 3720 1624 3775 VIII.

360 3811 402 3862 bei
420 3799 622 3880 Uberreichung
645 3809 692 3862 des
711 3810 809 3863 Breues
829 3827 893 3864 vom
917 3825 958 3882 29.
978 3810 1090 3881 August,
1115 3809 1157 3863 die
1181 3808 1349 3881 Aulhebung
1373 3807 1419 3862 der
1438 3808 1622 3880 angedrohten

359 3898 497 3952 Censuren
517 3896 676 3963 betretlend,
696 3897 829 3969 geausscrt
850 3898 907 3965 hat,
926 3898 1006 3951 sticht
1024 3897 1204 3969 merhwsrrdig
1222 3897 1255 3950 ab
1274 3915 1327 3951 von
1347 3897 1393 3950 der
1412 3897 1562 3964 Bitterlreit,
1582 3896 1625 3951 die

359 3985 416 4038 sich
435 3986 461 4038 in
479 3986 582 4039 seInem
600 3985 744 4039 Schreiben
763 4002 827 4039 vom
850 4001 888 4054 30.
908 3985 1066 4056 September
1084 3985 1239 4056 ausspricht.
1277 3985 1376 4039 Zudem
1394 3985 1476 4039 lautet
1494 3984 1540 4038 das
1559 3984 1623 4039 letz—

358 4081 415 4126 tere
434 4089 473 4139 so,
496 4072 535 4126 als
554 4073 622 4126 habe
641 4072 688 4126 der
706 4074 799 4144 Papst,
819 4074 890 4127 ohne
909 4074 946 4126 im
965 4074 1076 4144 ubngen
1095 4073 1137 4126 die
1157 4072 1296 4127 Censuren
1314 4074 1493 4141 aufzuheben,
1514 4091 1564 4127 nur
1583 4088 1623 4127 er·

358 4160 433 4227 klart,
451 4162 494 4215 die
512 4161 680 4233 Androhung
699 4162 838 4215 derselben
856 4163 895 4216 sei
913 4162 985 4216 ohne
1004 4162 1096 4215 seinen
1107 4160 1206 4215 Willen
1225 4162 1388 4233 geschehen,
1407 4162 1535 4216 wahrend
1554 4160 1624 4216 doch

360 4249 401 4304 Cl.
416 4249 474 4304 VII.
499 4248 572 4304 diese
591 4249 730 4304 Censuren
755 4250 937 4305 ausdrhcldich
962 4250 1066 4304 aufhob
1092 4250 1145 4304 und
1170 4250 1330 4304 unwirksam
1355 4251 1471 4305 machte.
1508 4250 1534 4305 S.
1554 4251 1624 4304 oben

359 4337 405 4392 Nr.
425 4336 459 4391 62
478 4338 531 4391 und
549 4337 592 4408 63.

464 4426 515 4479 Die
528 4426 788 4481 Abschiedsaudienz
807 4427 850 4480 bei
863 4426 896 4480 H.
910 4426 980 4480 VIII.
1000 4425 1063 4481 fand
1075 4435 1137 4480 statt
1156 4444 1200 4480 am
1213 4427 1335 4498 Sonntag
1347 4426 1399 4480 den
1414 4443 1453 4498 19.
1467 4427 1625 4497 September

360 4533 391 4567 zu
410 4513 522 4569 Grafton
546 4515 573 4568 in
592 4514 639 4568 der
657 4513 809 4568 Grafschaft
827 4515 1112 4586 Northamptonshire,
1136 4516 1225 4586 einIge
1244 4514 1408 4586 'I'agereisen
1430 4513 1551 4569 nordlich
1569 4532 1624 4569 von

359 4601 488 4669 London;
516 4603 584 4656 auch
596 4602 710 4676 Wolsey
728 4619 785 4657 war
807 4619 930 4675 zugegen
955 4602 1008 4657 und
1026 4604 1099 4658 hatte
1123 4603 1180 4656 hier
1198 4601 1345 4674 gleichfalls
1369 4602 1442 4656 scine
1461 4602 1622 4658 Abschieds·

359 4691 482 4758 audienz,
506 4690 538 4744 da
557 4691 614 4745 sein
633 4693 708 4746 Sturz
730 4701 798 4745 trotz
817 4691 864 4745 der
882 4691 1094 4746 Freundlichlreit
1112 4691 1166 4745 und
1184 4690 1231 4745 des
1244 4691 1414 4756 Vertrauens‚
1437 4691 1479 4745 die
1498 4690 1553 4744 ihm
1578 4691 1624 4746 der
1728 4685 1736 4705 ¹

359 4780 450 4851 Konig
468 4780 511 4833 bei
525 4778 611 4834 dieser
623 4779 802 4852 Gelegenheit
821 4780 892 4835 noch
905 4780 1003 4833 einmal
1022 4780 1131 4847 bewies,
1151 4778 1350 4833 unaufhaltsarn
1362 4796 1426 4834 war.
1457 4779 1508 4834 Die
1527 4779 1623 4835 beiden

359 4868 499 4922 Kardinale
518 4884 609 4921 waren
631 4868 806 4922 miteinander
829 4886 873 4922 arn
894 4883 933 4933 14.
953 4868 998 4923 IX.
1019 4885 1072 4922 von
1090 4867 1204 4922 London
1223 4867 1364 4939 abgereist.
1400 4865 1438 4921 Le
1457 4867 1557 4935 Grand,
1576 4868 1639 4950 HL.

361 4972 418 5025 351.
455 4956 571 5023 Brewer,
590 4956 635 5010 IV.
655 4975 679 5010 n.
702 4971 777 5028 5953,
796 4955 991 5023 Br.-Gairdner,
1011 4955 1071 5010 The
1089 4956 1165 5026 reign
1184 4953 1217 5009 11.
1239 4970 1296 5025 371·
