3802 5606
243 346 263 414 l.
284 356 400 427 Beilage.
1552 340 1616 408 269

242 522 351 588 animo
368 542 461 587 verso
485 519 529 587 Su
544 516 676 601 Maesti,
700 512 785 587 ch'io
802 520 845 587 ho
861 514 966 589 inteso
990 510 1029 587 da
1051 514 1091 588 lei
1116 532 1147 589 et
1171 543 1238 588 essa
1262 512 1301 587 da
1324 542 1376 587 me
1384 544 1393 602 ;
1418 531 1449 587 et
1472 518 1617 588 trallaltre

243 626 328 695 volte
352 650 419 693 non
444 628 471 693 ci
490 624 628 694 vedemo
652 625 870 694 ultimamente
894 627 927 692 in
944 627 1079 694 Venetia
1103 650 1195 694 senza
1217 626 1423 694 rincontrarci
1447 628 1478 692 in
1502 638 1616 715 questo

242 732 433 814 medesimo‚
457 731 645 800 mostrando
668 732 757 799 l’uno
781 752 812 800 et
831 731 932 799 l'altro
957 731 1126 815 desiderio,
1150 732 1209 801 che
1223 733 1346 800 Nostro
1370 731 1486 819 Signor
1502 732 1568 799 Dio
1591 734 1618 798 si

243 839 389 927 dignasse
418 840 500 926 aprir
527 838 547 905 li
571 839 663 906 occhi
687 861 704 905 a
728 838 777 905 chi
802 836 897 920 deve,
922 851 952 907 et
976 837 1021 905 far
1043 838 1158 907 vedere
1187 837 1208 905 il
1230 839 1316 906 lume
1340 836 1379 905 de
1408 838 1436 905 la
1458 839 1557 907 veriti
1583 840 1615 905 in

242 958 352 1035 questa
375 969 467 1013 causa
490 944 521 1013 di
545 958 635 1013 tanto
659 958 829 1013 momento
857 945 917 1012 che
940 946 965 1012 si
993 946 1086 1033 agita.
1131 946 1176 1013 Su
1199 946 1320 1013 Maesta
1348 967 1442 1012 corne
1467 948 1484 1012 e
1507 944 1617 1033 benig-

243 1054 372 1119 nissima
396 1065 427 1120 et
449 1050 580 1119 intende
595 1051 763 1119 volentieri
788 1051 838 1119 chi
860 1050 881 1118 li
904 1051 1059 1133 referisse,
1084 1050 1142 1119 che
1165 1052 1349 1119 liconservi
1373 1053 1566 1119 osservantia
1586 1072 1617 1119 et

243 1158 427 1241 devotione,
451 1159 477 1225 si
502 1162 519 1225 e
542 1157 677 1246 degnata
700 1157 792 1225 farmi
815 1171 929 1247 questo
953 1158 1078 1225 honore
1104 1181 1172 1225 non
1196 1157 1373 1225 solamente
1397 1157 1429 1225 di
1452 1156 1617 1225 ricordarsi

243 1265 274 1333 di
296 1288 349 1333 me
373 1266 406 1331 in
430 1277 543 1354 questo
567 1288 626 1331 suo
650 1287 739 1348 caso;
769 1287 821 1330 ma
844 1262 1007 1352 parendoli
1032 1263 1090 1331 che
1104 1265 1220 1332 Vostra
1244 1264 1392 1352 Signoria
1414 1287 1509 1352 possa
1532 1287 1618 1332 esser

242 1371 346 1439 molto
375 1383 437 1439 atta
464 1370 504 1438 ad
531 1372 630 1439 aiutar
658 1372 701 1438 Su
724 1372 846 1439 Maesta
868 1395 886 1437 a
909 1370 1011 1460 quella
1034 1373 1132 1439 verita
1160 1371 1218 1438 che
1241 1394 1280 1439 va
1308 1370 1475 1454 cercand0,
1504 1390 1536 1439 et
1564 1371 1617 1440 de-

242 1476 411 1545 siderando
435 1479 682 1545 maximamente
707 1478 821 1545 havere
843 1476 1143 1546 l'amorevolissimo
1172 1490 1203 1544 et
1231 1477 1430 1565 pientissimo
1459 1477 1616 1565 consiglio

243 1596 275 1653 et
303 1582 424 1652 indrizo
452 1607 527 1665 sno,
555 1606 623 1651 aron
652 1584 692 1651 ha
720 1584 831 1651 voluto
861 1584 943 1651 ch’el
970 1596 1117 1672 presente
1147 1583 1359 1672 gentilhomO,
1388 1583 1460 1673 qual
1486 1585 1572 1652 tiene
1600 1608 1617 1650 a

242 1711 333 1779 posta
349 1691 381 1757 in
398 1689 493 1772 ltalia,
517 1713 573 1778 per
589 1703 702 1779 questo
719 1702 817 1757 conto
834 1690 952 1778 venghi
968 1689 1007 1757 da
1022 1689 1063 1758 lei
1079 1714 1113 1758 se
1129 1712 1196 1757 non
1219 1712 1274 1778 per
1290 1692 1353 1757 mia
1368 1689 1616 1773 introductione,

243 1798 331 1864 accio
360 1796 418 1864 che
441 1797 482 1864 lei
508 1795 623 1863 l'habbi
646 1820 663 1863 a
687 1820 862 1864 conoscere
891 1819 947 1884 per
975 1796 1036 1864 tale
1065 1809 1096 1864 et
1123 1798 1209 1884 possi
1238 1796 1338 1885 parlar
1365 1819 1440 1863 seco
1468 1796 1573 1886 quello
1596 1797 1617 1863 li

244 1903 364 1971 detterh
387 1903 408 1969 il
431 1903 548 1991 Spirito
565 1902 674 1971 Sant0.
718 1903 760 1970 Di
784 1903 843 1970 che
867 1902 976 1991 doppo
999 1925 1069 1970 rese
1093 1902 1122 1971 le
1145 1901 1250 1971 debite
1273 1904 1371 1991 gratie
1395 1926 1412 1969 a
1436 1902 1479 1969 Su
1496 1905 1616 1972 Maesth

243 2010 283 2077 V.
300 2010 447 2096 Signoria
463 2008 553 2090 vede,
576 2022 695 2098 quanto
720 2031 803 2075 sono
823 2008 963 2097 obligato
987 2009 1061 2076 aV.
1079 2009 1235 2095 Signoria,
1260 2032 1310 2075 ma
1334 2010 1434 2096 prima
1458 2010 1532 2078 aN.
1549 2011 1618 2099 Sig-

244 2138 321 2182 nore
345 2115 421 2196 Dio,
450 2116 509 2182 che
538 2116 583 2181 mi
606 2114 656 2182 dia
683 2126 769 2182 tanta
792 2115 963 2182 occasione
992 2113 1024 2181 di
1048 2114 1142 2182 haver
1166 2138 1182 2181 a
1207 2138 1312 2182 essere
1337 2116 1439 2181 homo
1464 2113 1504 2183 da
1526 2115 1618 2198 bene,

243 2219 423 2289 facendomi
447 2244 514 2288 non
538 2221 609 2288 solo
634 2221 741 2309 degno
765 2219 805 2289 de
836 2220 948 2287 l'amor
976 2240 1099 2302 vostro,
1122 2243 1174 2287 ma
1197 2221 1281 2287 ch’io
1305 2221 1349 2287 sia
1373 2220 1510 2289 iudicato
1534 2245 1619 2290 esser

242 2340 331 2396 tanto
348 2328 451 2395 avanti
475 2328 507 2393 in
525 2350 607 2409 esso,
633 2328 691 2395 che
708 2351 750 2395 un
775 2330 800 2394 si
817 2326 1004 2415 dignissimo
1029 2347 1059 2395 et
1082 2324 1295 2415 grandissimo
1313 2327 1449 2415 Signore
1472 2329 1517 2395 mi
1532 2328 1619 2417 vogli

243 2457 374 2522 operare
398 2435 486 2523 qnasi
508 2457 565 2522 per
588 2435 804 2503 instromento
829 2456 891 2501 con
915 2432 965 2500 lei.
1004 2435 1064 2501 Per
1088 2432 1107 2499 il
1132 2434 1190 2500 che
1213 2431 1242 2500 la
1265 2433 1472 2522 supplicherei
1495 2458 1512 2501 a
1531 2434 1620 2503 voler

244 2552 408 2623 mostrare‚
433 2540 492 2608 che
510 2563 577 2608 non
602 2542 647 2607 sia
670 2539 807 2608 l'effecto
831 2563 965 2607 menore
986 2539 1065 2607 della
1089 2540 1266 2628 openione,
1290 2563 1324 2607 se
1347 2538 1532 2629 besognassi
1556 2566 1618 2610 con

243 2647 282 2714 lei
311 2670 382 2714 usar
413 2648 540 2714 termini
571 2648 791 2729 cerimoniosi,
819 2647 840 2713 li
870 2646 952 2735 quali
983 2670 1081 2714 meno
1104 2647 1228 2714 sariano
1257 2648 1425 2714 necessarii
1453 2649 1483 2713 in
1513 2647 1618 2738 quello

245 2776 329 2835 caso,
358 2754 416 2821 che
439 2755 471 2820 in
495 2753 585 2821 alcun
617 2753 707 2834 altr0,
736 2752 873 2821 essendo
901 2765 988 2820 tante
1017 2751 1244 2841 dependentie,
1274 2754 1332 2821 che
1359 2777 1516 2841 superano
1541 2756 1618 2843 ogni

245 2862 311 2926 mio
335 2860 477 2947 rispetto‚
506 2873 538 2928 et
564 2860 637 2950 quel
667 2858 698 2927 di
723 2861 844 2928 Nostro
873 2859 1008 2947 Signore
1032 2860 1096 2927 Dio
1125 2860 1288 2949 precipue,
1320 2858 1348 2928 el
1377 2860 1467 2949 quale
1497 2874 1618 2950 quanto

245 2965 284 3031 V.
310 2964 455 3053 Signoria
479 2989 641 3054 apprezza‚
666 2979 776 3035 consta
799 2979 916 3055 troppo
940 2965 979 3033 ad
1002 2989 1146 3054 ognuno.
1193 2965 1342 3054 Supplico
1365 2979 1478 3056 questo
1506 2967 1577 3034 solo
1601 2991 1618 3035 a

245 3072 285 3138 V.
304 3072 466 3159 Signum,
497 3071 555 3139 che
579 3072 659 3141 nella
682 3072 838 3140 audientia
866 3072 925 3140 che
949 3073 1022 3140 dard
1045 3096 1061 3139 a
1085 3085 1199 3161 questo
1221 3072 1435 3161 gentilhomo‚
1463 3097 1497 3140 se
1521 3072 1618 3162 degni

245 3176 399 3246 scordarsi
424 3178 455 3245 di
474 3179 524 3245 cio
549 3178 607 3246 che
632 3179 751 3246 havessi
777 3178 903 3247 oudito
923 3178 1038 3247 oletto
1061 3180 1094 3246 in
1114 3198 1224 3268 questa
1247 3202 1349 3261 causa,
1374 3192 1404 3246 et
1424 3202 1490 3246 non
1514 3178 1542 3248 le
1566 3178 1618 3247 ad-

245 3296 377 3351 mettere
402 3285 433 3350 in
450 3282 675 3351 deliberatione
698 3286 745 3351 sin
762 3308 780 3351 a
795 3296 896 3367 tanto,
920 3285 979 3352 che
996 3308 1062 3351 non
1079 3284 1171 3351 habbi
1194 3283 1276 3352 bene
1300 3297 1331 3353 et
1348 3286 1402 3372 pila
1418 3285 1504 3353 volte
1528 3284 1617 3353 udito

245 3388 298 3472 lui,
322 3391 409 3457 accio
433 3390 491 3457 che
515 3392 547 3457 in
571 3390 641 3479 qual
664 3405 762 3480 parte,
786 3392 844 3459 che
860 3392 983 3457 Nostro
1000 3389 1136 3478 Signore
1152 3390 1217 3457 Dio
1241 3391 1393 3478 inspirera
1408 3391 1449 3458 V.
1471 3391 1618 3479 Signoria

246 3494 407 3583 aparlare,
429 3498 517 3584 possi
539 3495 606 3563 farli
625 3496 706 3564 nella
722 3499 864 3584 openion
887 3520 942 3564 sua
959 3499 1082 3584 magior
1106 3494 1187 3578 sede,
1213 3495 1357 3564 havendo
1382 3497 1499 3564 sentito
1515 3498 1618 3564 multo

246 3602 368 3689 piacere
392 3601 443 3669 nel
466 3604 709 3691 ragionamento
734 3603 852 3671 havuto
875 3626 967 3686 seen,
994 3602 1052 3671 che
1076 3614 1197 3670 mostra
1220 3626 1287 3669 non
1311 3601 1488 3670 desiderare
1512 3601 1543 3669 di
1567 3626 1620 3670 ex-

246 3727 394 3797 torquere
418 3707 490 3798 quel
514 3709 573 3776 che
596 3708 672 3776 faeci
703 3732 759 3798 per
784 3709 889 3799 quello
912 3734 951 3778 va
974 3708 1142 3791 cercando,
1166 3732 1218 3776 ma
1241 3707 1280 3776 ad
1304 3708 1433 3796 indagas
1460 3709 1488 3775 la
1511 3711 1618 3777 verita.

247 3813 327 3880 Baso
351 3814 380 3882 le
404 3816 490 3881 mani
514 3815 544 3883 di
569 3815 669 3904 quella
693 3835 723 3883 et
748 3818 792 3882 mi
816 3816 1030 3883 raccomando
1054 3814 1112 3882 alle
1135 3839 1191 3882 sue
1216 3816 1363 3883 orationi.

351 3920 401 3987 Da
418 3921 558 4003 Verona,
582 3922 672 3989 XIX.
696 3923 800 4011 aprilis
828 3943 920 4009 1530.

673 4047 815 4114 Servitor
839 4058 870 4114 et
893 4045 1015 4134 figliolo
1040 4046 1071 4112 di
1095 4047 1135 4113 V.
1160 4046 1192 4113 S.

1049 4171 1176 4239 Giovan
1199 4170 1344 4239 Mattheo
1369 4170 1512 4239 Giberto.

292 4380 380 4448 Karl
402 4383 443 4449 V.
468 4407 506 4450 an
531 4382 664 4452 Bischof
683 4381 831 4450 Caralfa
855 4406 920 4450 von
942 4384 1058 4451 Chieti.
1104 4383 1289 4465 Innsbruch,
1315 4402 1366 4449 22.
1390 4383 1455 4449 Mai
1483 4403 1575 4468 1530.

353 4541 428 4608 Don
454 4541 566 4609 Carlos
589 4566 648 4632 por
672 4543 699 4610 la
723 4542 827 4610 divina
851 4543 1023 4611 clemencia
1048 4543 1224 4632 enperador
1246 4562 1382 4631 augusto
1405 4566 1460 4632 rey
1485 4542 1524 4611 de
1549 4542 1621 4609 hle-

247 4648 350 4713 mania
374 4674 396 4737 y
420 4647 459 4715 de
482 4650 602 4737 Esparia
627 4662 686 4717 etc.

353 4770 436 4839 Rd0.
466 4774 496 4839 in
523 4773 651 4841 Christo
680 4772 775 4863 padre
803 4774 916 4862 obispo
946 4773 985 4841 de
1013 4775 1149 4855 Quieta!
1200 4773 1345 4859 Rodrigo
1374 4773 1462 4841 Nino
1490 4792 1621 4839 nuestro

249 4875 428 4944 enbaxador
450 4902 511 4945 nos
536 4879 574 4946 ha
598 4881 713 4948 escrito
737 4879 764 4947 la
787 4878 954 4962 voluntad‚
978 4904 1040 4969 que
1065 4903 1104 4947 en
1127 4903 1186 4947 vos
1214 4879 1252 4946 ha
1276 4878 1398 4946 hallado
1423 4901 1481 4967 por
1504 4878 1536 4944 lo
1560 4900 1621 4966 que

249 5004 286 5049 os
317 4984 355 5050 ha
389 4983 521 5051 hablado
554 5010 642 5053 cerea
675 4986 714 5054 de
745 4986 771 5052 la
806 5010 896 5053 causa
929 4986 1141 5053 matrimonia!
1174 4986 1213 5053 de
1245 4986 1271 5052 la
1303 4986 1422 5052 Serma.
1455 5007 1550 5075 reyna
1582 4984 1621 5051 de
