<?xml version="1.0" encoding="UTF-8"?>
<!DOCTYPE html PUBLIC "-//W3C//DTD XHTML 1.0 Transitional//EN"
    "http://www.w3.org/TR/xhtml1/DTD/xhtml1-transitional.dtd">
<html xmlns="http://www.w3.org/1999/xhtml" xml:lang="en" lang="en">
 <head>
  <title>
</title>
<meta http-equiv="Content-Type" content="text/html;charset=utf-8" />
  <meta name='ocr-system' content='tesseract 3.04.00' />
  <meta name='ocr-capabilities' content='ocr_page ocr_carea ocr_par ocr_line ocrx_word'/>
</head>
<body>
  <div class='ocr_page' id='page_1' title='image "./rmischedokument01ehsegoog_0295.png"; bbox 0 0 3802 5606; ppageno 0'>
   <div class='ocr_carea' id='block_1_1' title="bbox 239 332 1608 427">
    <p class='ocr_par' dir='ltr' id='par_1_1' title="bbox 239 332 1608 427">
     <span class='ocr_line' id='line_1_1' title="bbox 239 332 1608 427; baseline -0.006 -16"><span class='ocrx_word' id='word_1_1' title='bbox 239 352 309 412; x_wconf 76' lang='lat' dir='ltr'>Felix</span> <span class='ocrx_word' id='word_1_2' title='bbox 329 374 382 411; x_wconf 91' lang='lat' dir='ltr'>von</span> <span class='ocrx_word' id='word_1_3' title='bbox 402 353 481 411; x_wconf 85' lang='lat' dir='ltr'>Prato</span> <span class='ocrx_word' id='word_1_4' title='bbox 500 353 565 410; x_wconf 76' lang='lat' dir='ltr'>tiber</span> <span class='ocrx_word' id='word_1_5' title='bbox 582 352 624 411; x_wconf 89' lang='lat' dir='ltr'>die</span> <span class='ocrx_word' id='word_1_6' title='bbox 644 356 739 427; x_wconf 71' lang='lat' dir='ltr'>papstl.</span> <span class='ocrx_word' id='word_1_7' title='bbox 759 351 985 427; x_wconf 86' lang='lat' dir='ltr'>Dispensgewalt.</span> <span class='ocrx_word' id='word_1_8' title='bbox 1060 332 1064 341; x_wconf 41' lang='lat'>⁵</span> <span class='ocrx_word' id='word_1_9' title='bbox 1546 341 1608 404; x_wconf 72' lang='lat'>243</span> 
     </span>
    </p>
   </div>
   <div class='ocr_carea' id='block_1_2' title="bbox 238 504 1621 4429">
    <p class='ocr_par' dir='ltr' id='par_1_2' title="bbox 238 504 1615 1962">
     <span class='ocr_line' id='line_1_2' title="bbox 238 504 1609 604; baseline -0.001 -21"><span class='ocrx_word' id='word_1_10' title='bbox 238 519 372 604; x_wconf 87' lang='lat' dir='ltr'><strong>August.</strong></span> <span class='ocrx_word' id='word_1_11' title='bbox 397 538 490 602; x_wconf 89' lang='lat' dir='ltr'>super</span> <span class='ocrx_word' id='word_1_12' title='bbox 508 514 625 582; x_wconf 89' lang='lat' dir='ltr'>Genes.</span> <span class='ocrx_word' id='word_1_13' title='bbox 649 514 688 581; x_wconf 89' lang='lat' dir='ltr'>ad</span> <span class='ocrx_word' id='word_1_14' title='bbox 712 515 847 581; x_wconf 84' lang='lat' dir='ltr'>literam:</span> <span class='ocrx_word' id='word_1_15' title='bbox 873 513 974 596; x_wconf 93' lang='lat' dir='ltr'>Quod</span> <span class='ocrx_word' id='word_1_16' title='bbox 996 516 1079 580; x_wconf 89' lang='lat' dir='ltr'>sanis</span> <span class='ocrx_word' id='word_1_17' title='bbox 1103 526 1151 581; x_wconf 93' lang='lat' dir='ltr'>est</span> <span class='ocrx_word' id='word_1_18' title='bbox 1174 512 1212 580; x_wconf 92' lang='lat' dir='ltr'>ad</span> <span class='ocrx_word' id='word_1_19' title='bbox 1229 512 1383 594; x_wconf 86' lang='lat' dir='ltr'>officium,</span> <span class='ocrx_word' id='word_1_20' title='bbox 1407 504 1546 601; x_wconf 76' lang='lat' dir='ltr'>aegrotis</span> <span class='ocrx_word' id='word_1_21' title='bbox 1563 526 1609 582; x_wconf 89' lang='lat' dir='ltr'>est</span> 
     </span>
     <span class='ocr_line' id='line_1_3' title="bbox 239 614 1611 709; baseline -0.001 -21"><span class='ocrx_word' id='word_1_22' title='bbox 239 621 276 689; x_wconf 90' lang='lat' dir='ltr'>ad</span> <span class='ocrx_word' id='word_1_23' title='bbox 300 620 494 704; x_wconf 80' lang='lat' dir='ltr'>remedium3</span> <span class='ocrx_word' id='word_1_24' title='bbox 527 618 694 687; x_wconf 88' lang='lat' dir='ltr'>infirmitas</span> <span class='ocrx_word' id='word_1_25' title='bbox 714 614 803 687; x_wconf 85' lang='lat' dir='ltr'>¹enim</span> <span class='ocrx_word' id='word_1_26' title='bbox 828 620 1089 702; x_wconf 85' lang='lat' dir='ltr'>incontinentiae,</span> <span class='ocrx_word' id='word_1_27' title='bbox 1114 642 1194 709; x_wconf 92' lang='lat' dir='ltr'>quae</span> <span class='ocrx_word' id='word_1_28' title='bbox 1218 631 1265 687; x_wconf 90' lang='lat' dir='ltr'>est</span> <span class='ocrx_word' id='word_1_29' title='bbox 1289 620 1321 686; x_wconf 90' lang='lat' dir='ltr'>in</span> <span class='ocrx_word' id='word_1_30' title='bbox 1345 642 1438 687; x_wconf 86' lang='lat' dir='ltr'>carne</span> <span class='ocrx_word' id='word_1_31' title='bbox 1460 641 1517 707; x_wconf 90' lang='lat' dir='ltr'>per</span> <span class='ocrx_word' id='word_1_32' title='bbox 1539 642 1611 708; x_wconf 92' lang='lat' dir='ltr'>pec-</span> 
     </span>
     <span class='ocr_line' id='line_1_4' title="bbox 240 724 1610 814; baseline -0.001 -19"><span class='ocrx_word' id='word_1_33' title='bbox 240 740 344 795; x_wconf 89' lang='lat' dir='ltr'>catum</span> <span class='ocrx_word' id='word_1_34' title='bbox 368 738 505 808; x_wconf 91' lang='lat' dir='ltr'>mortua,</span> <span class='ocrx_word' id='word_1_35' title='bbox 529 750 570 793; x_wconf 88' lang='lat' dir='ltr'>ne</span> <span class='ocrx_word' id='word_1_36' title='bbox 594 725 684 794; x_wconf 88' lang='lat' dir='ltr'>cadat</span> <span class='ocrx_word' id='word_1_37' title='bbox 707 726 740 793; x_wconf 93' lang='lat' dir='ltr'>in</span> <span class='ocrx_word' id='word_1_38' title='bbox 767 726 891 793; x_wconf 89' lang='lat' dir='ltr'>ruinam</span> <span class='ocrx_word' id='word_1_39' title='bbox 916 724 1125 813; x_wconf 88' lang='lat' dir='ltr'>flagitiorum,</span> <span class='ocrx_word' id='word_1_40' title='bbox 1154 726 1306 813; x_wconf 84' lang='lat' dir='ltr'>excipitur</span> <span class='ocrx_word' id='word_1_41' title='bbox 1335 726 1501 793; x_wconf 87' lang='lat' dir='ltr'>honestate</span> <span class='ocrx_word' id='word_1_42' title='bbox 1532 749 1610 814; x_wconf 91' lang='lat' dir='ltr'>nup-</span> 
     </span>
     <span class='ocr_line' id='line_1_5' title="bbox 239 830 1610 920; baseline -0.001 -19"><span class='ocrx_word' id='word_1_43' title='bbox 239 835 362 901; x_wconf 89' lang='lat' dir='ltr'>tiarum.</span> <span class='ocrx_word' id='word_1_44' title='bbox 393 874 434 882; x_wconf 88' lang='grc'>-</span> <span class='ocrx_word' id='word_1_45' title='bbox 464 833 573 914; x_wconf 89' lang='lat' dir='ltr'>Quam</span> <span class='ocrx_word' id='word_1_46' title='bbox 604 832 646 899; x_wconf 94' lang='lat' dir='ltr'>ob</span> <span class='ocrx_word' id='word_1_47' title='bbox 671 855 796 899; x_wconf 90' lang='lat' dir='ltr'>causam</span> <span class='ocrx_word' id='word_1_48' title='bbox 820 832 1061 899; x_wconf 82' lang='lat' dir='ltr'>matrimonium</span> <span class='ocrx_word' id='word_1_49' title='bbox 1085 833 1204 900; x_wconf 90' lang='lat' dir='ltr'>sororis</span> <span class='ocrx_word' id='word_1_50' title='bbox 1229 854 1300 898; x_wconf 90' lang='lat' dir='ltr'>cum</span> <span class='ocrx_word' id='word_1_51' title='bbox 1325 830 1418 899; x_wconf 86' lang='lat' dir='ltr'>fratre</span> <span class='ocrx_word' id='word_1_52' title='bbox 1448 832 1514 900; x_wconf 92' lang='lat' dir='ltr'>iure</span> <span class='ocrx_word' id='word_1_53' title='bbox 1538 855 1610 920; x_wconf 90' lang='lat' dir='ltr'>pro-</span> 
     </span>
     <span class='ocr_line' id='line_1_6' title="bbox 241 938 1611 1027; baseline -0.001 -21"><span class='ocrx_word' id='word_1_54' title='bbox 241 938 364 1007; x_wconf 86' lang='lat' dir='ltr'>bibetur</span> <span class='ocrx_word' id='word_1_55' title='bbox 387 939 506 1006; x_wconf 88' lang='lat' dir='ltr'>divino.</span> <span class='ocrx_word' id='word_1_56' title='bbox 552 938 635 1006; x_wconf 89' lang='lat' dir='ltr'>Nam</span> <span class='ocrx_word' id='word_1_57' title='bbox 660 940 686 1005; x_wconf 92' lang='lat' dir='ltr'>si</span> <span class='ocrx_word' id='word_1_58' title='bbox 711 961 780 1005; x_wconf 91' lang='lat' dir='ltr'>eam</span> <span class='ocrx_word' id='word_1_59' title='bbox 808 938 841 1005; x_wconf 91' lang='lat' dir='ltr'>in</span> <span class='ocrx_word' id='word_1_60' title='bbox 871 938 1112 1004; x_wconf 88' lang='lat' dir='ltr'>matrimonium</span> <span class='ocrx_word' id='word_1_61' title='bbox 1136 957 1244 1025; x_wconf 89' lang='lat' dir='ltr'>posset</span> <span class='ocrx_word' id='word_1_62' title='bbox 1271 960 1447 1020; x_wconf 83' lang='lat' dir='ltr'>assumere,</span> <span class='ocrx_word' id='word_1_63' title='bbox 1476 961 1611 1027; x_wconf 89' lang='lat' dir='ltr'>magnus</span> 
     </span>
     <span class='ocr_line' id='line_1_7' title="bbox 242 1041 1612 1133; baseline -0.001 -20"><span class='ocrx_word' id='word_1_64' title='bbox 242 1047 516 1133; x_wconf 85' lang='lat' dir='ltr'>concupiscentiae</span> <span class='ocrx_word' id='word_1_65' title='bbox 539 1043 739 1133; x_wconf 87' lang='lat' dir='ltr'>praeberetur</span> <span class='ocrx_word' id='word_1_66' title='bbox 762 1044 874 1125; x_wconf 89' lang='lat' dir='ltr'>aditus,</span> <span class='ocrx_word' id='word_1_67' title='bbox 898 1067 972 1111; x_wconf 93' lang='lat' dir='ltr'>cum</span> <span class='ocrx_word' id='word_1_68' title='bbox 989 1041 1146 1111; x_wconf 91' lang='lat' dir='ltr'>eiusmodi</span> <span class='ocrx_word' id='word_1_69' title='bbox 1169 1065 1321 1131; x_wconf 90' lang='lat' dir='ltr'>personas</span> <span class='ocrx_word' id='word_1_70' title='bbox 1344 1046 1376 1110; x_wconf 90' lang='lat' dir='ltr'>in</span> <span class='ocrx_word' id='word_1_71' title='bbox 1401 1068 1462 1112; x_wconf 93' lang='lat' dir='ltr'>una</span> <span class='ocrx_word' id='word_1_72' title='bbox 1486 1044 1612 1114; x_wconf 87' lang='lat' dir='ltr'>eadem-</span> 
     </span>
     <span class='ocr_line' id='line_1_8' title="bbox 242 1147 1610 1241; baseline -0.001 -22"><span class='ocrx_word' id='word_1_73' title='bbox 242 1175 303 1241; x_wconf 90' lang='lat' dir='ltr'>que</span> <span class='ocrx_word' id='word_1_74' title='bbox 316 1163 484 1241; x_wconf 88' lang='lat' dir='ltr'>opporteat</span> <span class='ocrx_word' id='word_1_75' title='bbox 507 1152 688 1233; x_wconf 86' lang='lat' dir='ltr'>conversari</span> <span class='ocrx_word' id='word_1_76' title='bbox 704 1150 815 1218; x_wconf 90' lang='lat' dir='ltr'>domo.</span> <span class='ocrx_word' id='word_1_77' title='bbox 854 1151 920 1217; x_wconf 91' lang='lat' dir='ltr'>Lex</span> <span class='ocrx_word' id='word_1_78' title='bbox 934 1172 1012 1238; x_wconf 93' lang='lat' dir='ltr'>ergo</span> <span class='ocrx_word' id='word_1_79' title='bbox 1034 1147 1139 1217; x_wconf 88' lang='lat' dir='ltr'>divina</span> <span class='ocrx_word' id='word_1_80' title='bbox 1154 1148 1274 1217; x_wconf 89' lang='lat' dir='ltr'>nedum</span> <span class='ocrx_word' id='word_1_81' title='bbox 1290 1161 1411 1238; x_wconf 90' lang='lat' dir='ltr'>patrem</span> <span class='ocrx_word' id='word_1_82' title='bbox 1428 1164 1459 1218; x_wconf 91' lang='lat' dir='ltr'>et</span> <span class='ocrx_word' id='word_1_83' title='bbox 1475 1164 1610 1219; x_wconf 90' lang='lat' dir='ltr'>matrem</span> 
     </span>
     <span class='ocr_line' id='line_1_9' title="bbox 243 1254 1612 1347; baseline -0.001 -22"><span class='ocrx_word' id='word_1_84' title='bbox 243 1258 414 1325; x_wconf 88' lang='lat' dir='ltr'>exclusita</span> <span class='ocrx_word' id='word_1_85' title='bbox 441 1258 662 1338; x_wconf 90' lang='lat' dir='ltr'>matrimoni0,</span> <span class='ocrx_word' id='word_1_86' title='bbox 690 1280 802 1325; x_wconf 90' lang='lat' dir='ltr'>verum</span> <span class='ocrx_word' id='word_1_87' title='bbox 832 1256 926 1324; x_wconf 90' lang='lat' dir='ltr'>etiam</span> <span class='ocrx_word' id='word_1_88' title='bbox 955 1254 1028 1323; x_wconf 89' lang='lat' dir='ltr'>alias</span> <span class='ocrx_word' id='word_1_89' title='bbox 1058 1257 1311 1344; x_wconf 89' lang='lat' dir='ltr'>consanguineas</span> <span class='ocrx_word' id='word_1_90' title='bbox 1338 1278 1507 1343; x_wconf 89' lang='lat' dir='ltr'>personas,</span> <span class='ocrx_word' id='word_1_91' title='bbox 1536 1280 1612 1347; x_wconf 91' lang='lat' dir='ltr'>quas</span> 
     </span>
     <span class='ocr_line' id='line_1_10' title="bbox 241 1361 1612 1453; baseline -0.001 -22"><span class='ocrx_word' id='word_1_92' title='bbox 241 1376 350 1431; x_wconf 92' lang='lat' dir='ltr'>natura</span> <span class='ocrx_word' id='word_1_93' title='bbox 374 1365 461 1451; x_wconf 88' lang='lat' dir='ltr'>cogit</span> <span class='ocrx_word' id='word_1_94' title='bbox 483 1364 579 1430; x_wconf 90' lang='lat' dir='ltr'>simul</span> <span class='ocrx_word' id='word_1_95' title='bbox 602 1362 756 1444; x_wconf 88' lang='lat' dir='ltr'>habitare,</span> <span class='ocrx_word' id='word_1_96' title='bbox 784 1386 864 1453; x_wconf 89' lang='lat' dir='ltr'>quae</span> <span class='ocrx_word' id='word_1_97' title='bbox 893 1363 989 1430; x_wconf 90' lang='lat' dir='ltr'>etiam</span> <span class='ocrx_word' id='word_1_98' title='bbox 1018 1374 1146 1430; x_wconf 85' lang='lat' dir='ltr'>natutae</span> <span class='ocrx_word' id='word_1_99' title='bbox 1170 1363 1237 1429; x_wconf 91' lang='lat' dir='ltr'>iure</span> <span class='ocrx_word' id='word_1_100' title='bbox 1266 1361 1459 1450; x_wconf 86' lang='lat' dir='ltr'>obligantur,</span> <span class='ocrx_word' id='word_1_101' title='bbox 1487 1362 1612 1431; x_wconf 91' lang='lat' dir='ltr'>alterius</span> 
     </span>
     <span class='ocr_line' id='line_1_11' title="bbox 241 1468 1612 1558; baseline -0.001 -20"><span class='ocrx_word' id='word_1_102' title='bbox 241 1469 335 1538; x_wconf 86' lang='lat' dir='ltr'>altera</span> <span class='ocrx_word' id='word_1_103' title='bbox 357 1469 539 1558; x_wconf 89' lang='lat' dir='ltr'>pudicitiam</span> <span class='ocrx_word' id='word_1_104' title='bbox 564 1468 743 1538; x_wconf 88' lang='lat' dir='ltr'>observare.</span> <span class='ocrx_word' id='word_1_105' title='bbox 778 1469 897 1537; x_wconf 90' lang='lat' dir='ltr'>Omnis</span> <span class='ocrx_word' id='word_1_106' title='bbox 913 1470 1000 1536; x_wconf 89' lang='lat' dir='ltr'>enim</span> <span class='ocrx_word' id='word_1_107' title='bbox 1023 1487 1108 1536; x_wconf 91' lang='lat' dir='ltr'>recta</span> <span class='ocrx_word' id='word_1_108' title='bbox 1124 1468 1237 1537; x_wconf 90' lang='lat' dir='ltr'>electio</span> <span class='ocrx_word' id='word_1_109' title='bbox 1262 1468 1458 1557; x_wconf 91' lang='lat' dir='ltr'>possibilium</span> <span class='ocrx_word' id='word_1_110' title='bbox 1483 1468 1529 1553; x_wconf 84' lang='lat' dir='ltr'>fit,</span> <span class='ocrx_word' id='word_1_111' title='bbox 1546 1494 1612 1538; x_wconf 92' lang='lat' dir='ltr'>non</span> 
     </span>
     <span class='ocr_line' id='line_1_12' title="bbox 241 1573 1614 1664; baseline 0.001 -22"><span class='ocrx_word' id='word_1_112' title='bbox 241 1574 494 1664; x_wconf 89' lang='lat' dir='ltr'>impossibilium.</span> <span class='ocrx_word' id='word_1_113' title='bbox 530 1573 692 1643; x_wconf 88' lang='lat' dir='ltr'>Eiusmodi</span> <span class='ocrx_word' id='word_1_114' title='bbox 710 1575 916 1642; x_wconf 87' lang='lat' dir='ltr'>matrimonio</span> <span class='ocrx_word' id='word_1_115' title='bbox 933 1597 950 1641; x_wconf 91' lang='lat' dir='ltr'>a</span> <span class='ocrx_word' id='word_1_116' title='bbox 969 1573 1078 1641; x_wconf 89' lang='lat' dir='ltr'>divino</span> <span class='ocrx_word' id='word_1_117' title='bbox 1102 1576 1169 1642; x_wconf 92' lang='lat' dir='ltr'>iure</span> <span class='ocrx_word' id='word_1_118' title='bbox 1185 1573 1341 1662; x_wconf 88' lang='lat' dir='ltr'>abnegato</span> <span class='ocrx_word' id='word_1_119' title='bbox 1359 1576 1614 1663; x_wconf 89' lang='lat' dir='ltr'>concupiscentia</span> 
     </span>
     <span class='ocr_line' id='line_1_13' title="bbox 241 1679 1615 1770; baseline 0.001 -21"><span class='ocrx_word' id='word_1_120' title='bbox 241 1682 403 1750; x_wconf 90' lang='lat' dir='ltr'>minuitur.</span> <span class='ocrx_word' id='word_1_121' title='bbox 449 1681 587 1750; x_wconf 87' lang='lat' dir='ltr'>Alterius</span> <span class='ocrx_word' id='word_1_122' title='bbox 611 1692 717 1750; x_wconf 87' lang='lat' dir='ltr'>autem</span> <span class='ocrx_word' id='word_1_123' title='bbox 740 1680 823 1763; x_wconf 86' lang='lat' dir='ltr'>finis,</span> <span class='ocrx_word' id='word_1_124' title='bbox 848 1682 910 1749; x_wconf 90' lang='lat' dir='ltr'>boc</span> <span class='ocrx_word' id='word_1_125' title='bbox 934 1693 965 1748; x_wconf 91' lang='lat' dir='ltr'>et</span> <span class='ocrx_word' id='word_1_126' title='bbox 987 1679 1151 1769; x_wconf 87' lang='lat' dir='ltr'>augendae</span> <span class='ocrx_word' id='word_1_127' title='bbox 1175 1681 1345 1763; x_wconf 88' lang='lat' dir='ltr'>amicitiae,</span> <span class='ocrx_word' id='word_1_128' title='bbox 1373 1704 1390 1748; x_wconf 94' lang='lat' dir='ltr'>a</span> <span class='ocrx_word' id='word_1_129' title='bbox 1413 1683 1480 1748; x_wconf 90' lang='lat' dir='ltr'>iure</span> <span class='ocrx_word' id='word_1_130' title='bbox 1503 1704 1615 1770; x_wconf 89' lang='lat' dir='ltr'>proce-</span> 
     </span>
     <span class='ocr_line' id='line_1_14' title="bbox 243 1786 1613 1869; baseline 0 -13"><span class='ocrx_word' id='word_1_131' title='bbox 243 1787 346 1856; x_wconf 92' lang='lat' dir='ltr'>dentis</span> <span class='ocrx_word' id='word_1_132' title='bbox 377 1787 517 1855; x_wconf 90' lang='lat' dir='ltr'>humano</span> <span class='ocrx_word' id='word_1_133' title='bbox 546 1787 596 1855; x_wconf 89' lang='lat' dir='ltr'>vel</span> <span class='ocrx_word' id='word_1_134' title='bbox 627 1787 785 1856; x_wconf 88' lang='lat' dir='ltr'>Ecclesiae</span> <span class='ocrx_word' id='word_1_135' title='bbox 817 1788 950 1869; x_wconf 89' lang='lat' dir='ltr'>statutis,</span> <span class='ocrx_word' id='word_1_136' title='bbox 986 1786 1069 1854; x_wconf 90' lang='lat' dir='ltr'>nulla</span> <span class='ocrx_word' id='word_1_137' title='bbox 1105 1800 1152 1855; x_wconf 90' lang='lat' dir='ltr'>est</span> <span class='ocrx_word' id='word_1_138' title='bbox 1184 1787 1320 1854; x_wconf 87' lang='lat' dir='ltr'>Summo</span> <span class='ocrx_word' id='word_1_139' title='bbox 1353 1810 1424 1854; x_wconf 89' lang='lat' dir='ltr'>cura</span> <span class='ocrx_word' id='word_1_140' title='bbox 1456 1787 1613 1856; x_wconf 89' lang='lat' dir='ltr'>Pontifici.</span> 
     </span>
     <span class='ocr_line' id='line_1_15' title="bbox 243 1893 783 1962; baseline -0.002 0"><span class='ocrx_word' id='word_1_141' title='bbox 243 1894 364 1962; x_wconf 89' lang='lat' dir='ltr'>Omnia</span> <span class='ocrx_word' id='word_1_142' title='bbox 387 1918 463 1962; x_wconf 91' lang='lat' dir='ltr'>sane</span> <span class='ocrx_word' id='word_1_143' title='bbox 486 1893 625 1962; x_wconf 89' lang='lat' dir='ltr'>subiecta</span> <span class='ocrx_word' id='word_1_144' title='bbox 647 1907 721 1962; x_wconf 89' lang='lat' dir='ltr'>sunt</span> <span class='ocrx_word' id='word_1_145' title='bbox 745 1894 783 1961; x_wconf 92' lang='lat' dir='ltr'>ei.</span> 
     </span>
    </p>

    <p class='ocr_par' dir='ltr' id='par_1_3' title="bbox 243 1999 1621 4429">
     <span class='ocr_line' id='line_1_16' title="bbox 347 1999 1613 2089; baseline 0.001 -21"><span class='ocrx_word' id='word_1_146' title='bbox 347 2001 406 2068; x_wconf 92' lang='lat' dir='ltr'>His</span> <span class='ocrx_word' id='word_1_147' title='bbox 430 1999 605 2089; x_wconf 84' lang='lat' dir='ltr'>praelibatis</span> <span class='ocrx_word' id='word_1_148' title='bbox 628 1999 667 2068; x_wconf 89' lang='lat' dir='ltr'>ad</span> <span class='ocrx_word' id='word_1_149' title='bbox 691 2023 804 2068; x_wconf 86' lang='lat' dir='ltr'>eorum</span> <span class='ocrx_word' id='word_1_150' title='bbox 826 1999 979 2067; x_wconf 91' lang='lat' dir='ltr'>solvenda</span> <span class='ocrx_word' id='word_1_151' title='bbox 1003 1999 1260 2089; x_wconf 90' lang='lat' dir='ltr'>conterendaque</span> <span class='ocrx_word' id='word_1_152' title='bbox 1289 2000 1389 2067; x_wconf 90' lang='lat' dir='ltr'>iacula</span> <span class='ocrx_word' id='word_1_153' title='bbox 1416 2000 1613 2070; x_wconf 88' lang='lat' dir='ltr'>accedamus.</span> 
     </span>
     <span class='ocr_line' id='line_1_17' title="bbox 243 2104 1616 2200; baseline 0.001 -27"><span class='ocrx_word' id='word_1_154' title='bbox 243 2105 458 2200; x_wconf 74' lang='lat' dir='ltr'>Affirmante3‚</span> <span class='ocrx_word' id='word_1_155' title='bbox 482 2120 685 2195; x_wconf 89' lang='lat' dir='ltr'>praeceptum</span> <span class='ocrx_word' id='word_1_156' title='bbox 701 2107 833 2175; x_wconf 90' lang='lat' dir='ltr'>Levitici</span> <span class='ocrx_word' id='word_1_157' title='bbox 862 2108 898 2174; x_wconf 91' lang='lat'>18</span> <span class='ocrx_word' id='word_1_158' title='bbox 924 2105 1002 2196; x_wconf 90' lang='lat'>(16)</span> <span class='ocrx_word' id='word_1_159' title='bbox 1020 2119 1051 2174; x_wconf 93' lang='lat' dir='ltr'>et</span> <span class='ocrx_word' id='word_1_160' title='bbox 1075 2104 1199 2196; x_wconf 85' lang='lat'>20(21)</span> <span class='ocrx_word' id='word_1_161' title='bbox 1231 2107 1391 2196; x_wconf 86' lang='lat' dir='ltr'>antiquam</span> <span class='ocrx_word' id='word_1_162' title='bbox 1416 2108 1548 2175; x_wconf 92' lang='lat' dir='ltr'>minime</span> <span class='ocrx_word' id='word_1_163' title='bbox 1564 2108 1616 2175; x_wconf 90' lang='lat' dir='ltr'>ab·</span> 
     </span>
     <span class='ocr_line' id='line_1_18' title="bbox 243 2211 1614 2301; baseline 0.003 -23"><span class='ocrx_word' id='word_1_164' title='bbox 243 2235 374 2301; x_wconf 88' lang='lat' dir='ltr'>rogasse</span> <span class='ocrx_word' id='word_1_165' title='bbox 397 2212 674 2281; x_wconf 89' lang='lat' dir='ltr'>consuetudinem.</span> <span class='ocrx_word' id='word_1_166' title='bbox 721 2213 850 2281; x_wconf 88' lang='lat' dir='ltr'>Nullam</span> <span class='ocrx_word' id='word_1_167' title='bbox 874 2214 993 2280; x_wconf 90' lang='lat' dir='ltr'>etenim</span> <span class='ocrx_word' id='word_1_168' title='bbox 1017 2211 1098 2279; x_wconf 88' lang='lat' dir='ltr'>illius</span> <span class='ocrx_word' id='word_1_169' title='bbox 1122 2213 1187 2299; x_wconf 89' lang='lat' dir='ltr'>egit</span> <span class='ocrx_word' id='word_1_170' title='bbox 1210 2213 1428 2297; x_wconf 90' lang='lat' dir='ltr'>mentionem,</span> <span class='ocrx_word' id='word_1_171' title='bbox 1461 2238 1520 2282; x_wconf 90' lang='lat' dir='ltr'>nec</span> <span class='ocrx_word' id='word_1_172' title='bbox 1544 2238 1614 2282; x_wconf 90' lang='lat' dir='ltr'>eam</span> 
     </span>
     <span class='ocr_line' id='line_1_19' title="bbox 243 2316 1615 2409; baseline 0.001 -22"><span class='ocrx_word' id='word_1_173' title='bbox 243 2318 433 2407; x_wconf 88' lang='lat' dir='ltr'>reprobavit,</span> <span class='ocrx_word' id='word_1_174' title='bbox 462 2319 515 2387; x_wconf 93' lang='lat' dir='ltr'>ubi</span> <span class='ocrx_word' id='word_1_175' title='bbox 538 2321 778 2387; x_wconf 90' lang='lat' dir='ltr'>matrimonium</span> <span class='ocrx_word' id='word_1_176' title='bbox 807 2342 879 2386; x_wconf 86' lang='lat' dir='ltr'>cum</span> <span class='ocrx_word' id='word_1_177' title='bbox 910 2341 1022 2386; x_wconf 90' lang='lat' dir='ltr'>sorore</span> <span class='ocrx_word' id='word_1_178' title='bbox 1051 2316 1262 2406; x_wconf 91' lang='lat' dir='ltr'>undecunque</span> <span class='ocrx_word' id='word_1_179' title='bbox 1293 2318 1428 2387; x_wconf 83' lang='lat' dir='ltr'>oriun&#39;da</span> <span class='ocrx_word' id='word_1_180' title='bbox 1456 2320 1615 2409; x_wconf 91' lang='lat' dir='ltr'>probibuit</span> 
     </span>
     <span class='ocr_line' id='line_1_20' title="bbox 244 2424 1613 2512; baseline 0.002 -20"><span class='ocrx_word' id='word_1_181' title='bbox 244 2449 279 2492; x_wconf 89' lang='lat' dir='ltr'>ac</span> <span class='ocrx_word' id='word_1_182' title='bbox 302 2427 445 2492; x_wconf 89' lang='lat' dir='ltr'>viventes</span> <span class='ocrx_word' id='word_1_183' title='bbox 468 2448 596 2493; x_wconf 90' lang='lat' dir='ltr'>sorores</span> <span class='ocrx_word' id='word_1_184' title='bbox 619 2424 712 2493; x_wconf 88' lang='lat' dir='ltr'>simul</span> <span class='ocrx_word' id='word_1_185' title='bbox 733 2427 766 2490; x_wconf 94' lang='lat' dir='ltr'>in</span> <span class='ocrx_word' id='word_1_186' title='bbox 790 2425 976 2512; x_wconf 89' lang='lat' dir='ltr'>coniugium</span> <span class='ocrx_word' id='word_1_187' title='bbox 999 2447 1174 2507; x_wconf 75' lang='lat' dir='ltr'>assumere,</span> <span class='ocrx_word' id='word_1_188' title='bbox 1197 2446 1309 2491; x_wconf 89' lang='lat' dir='ltr'>verum</span> <span class='ocrx_word' id='word_1_189' title='bbox 1334 2447 1405 2492; x_wconf 88' lang='lat' dir='ltr'>earn</span> <span class='ocrx_word' id='word_1_190' title='bbox 1428 2426 1465 2493; x_wconf 92' lang='lat' dir='ltr'>ab</span> <span class='ocrx_word' id='word_1_191' title='bbox 1498 2426 1613 2495; x_wconf 91' lang='lat' dir='ltr'>eodem</span> 
     </span>
     <span class='ocr_line' id='line_1_21' title="bbox 246 2530 1613 2622; baseline 0.002 -24"><span class='ocrx_word' id='word_1_192' title='bbox 246 2530 423 2619; x_wconf 86' lang='lat' dir='ltr'>legislatore</span> <span class='ocrx_word' id='word_1_193' title='bbox 447 2531 535 2614; x_wconf 91' lang='lat' dir='ltr'>Deo,</span> <span class='ocrx_word' id='word_1_194' title='bbox 564 2534 618 2621; x_wconf 92' lang='lat' dir='ltr'>qui</span> <span class='ocrx_word' id='word_1_195' title='bbox 647 2555 713 2599; x_wconf 90' lang='lat' dir='ltr'>non</span> <span class='ocrx_word' id='word_1_196' title='bbox 737 2544 772 2598; x_wconf 92' lang='lat' dir='ltr'>ut</span> <span class='ocrx_word' id='word_1_197' title='bbox 800 2530 949 2598; x_wconf 91' lang='lat' dir='ltr'>homines</span> <span class='ocrx_word' id='word_1_198' title='bbox 978 2542 1078 2597; x_wconf 87' lang='lat' dir='ltr'>mutat</span> <span class='ocrx_word' id='word_1_199' title='bbox 1106 2531 1298 2598; x_wconf 90' lang='lat' dir='ltr'>sententiam</span> <span class='ocrx_word' id='word_1_200' title='bbox 1330 2550 1368 2617; x_wconf 83' lang='lat'>25</span> <span class='ocrx_word' id='word_1_201' title='bbox 1401 2530 1457 2622; x_wconf 85' lang='lat'>(5)</span> <span class='ocrx_word' id='word_1_202' title='bbox 1482 2533 1613 2601; x_wconf 90' lang='lat' dir='ltr'>Deuter.</span> 
     </span>
     <span class='ocr_line' id='line_1_22' title="bbox 244 2635 1616 2727; baseline 0.001 -23"><span class='ocrx_word' id='word_1_203' title='bbox 244 2637 448 2726; x_wconf 87' lang='lat' dir='ltr'>approbatam</span> <span class='ocrx_word' id='word_1_204' title='bbox 473 2638 736 2727; x_wconf 90' lang='lat' dir='ltr'>contemplamur.</span> <span class='ocrx_word' id='word_1_205' title='bbox 782 2638 852 2705; x_wconf 90' lang='lat' dir='ltr'>Nec</span> <span class='ocrx_word' id='word_1_206' title='bbox 876 2636 1087 2725; x_wconf 87' lang='lat' dir='ltr'>dispensative</span> <span class='ocrx_word' id='word_1_207' title='bbox 1103 2635 1219 2704; x_wconf 85' lang='lat' dir='ltr'>facturn</span> <span class='ocrx_word' id='word_1_208' title='bbox 1244 2660 1260 2703; x_wconf 88' lang='lat' dir='ltr'>a</span> <span class='ocrx_word' id='word_1_209' title='bbox 1281 2637 1419 2725; x_wconf 90' lang='lat' dir='ltr'>patribus</span> <span class='ocrx_word' id='word_1_210' title='bbox 1436 2661 1616 2723; x_wconf 89' lang='lat' dir='ltr'>censemus,</span> 
     </span>
     <span class='ocr_line' id='line_1_23' title="bbox 246 2742 1617 2833; baseline 0.001 -23"><span class='ocrx_word' id='word_1_211' title='bbox 246 2766 319 2810; x_wconf 86' lang='lat' dir='ltr'>cum</span> <span class='ocrx_word' id='word_1_212' title='bbox 343 2743 427 2811; x_wconf 92' lang='lat' dir='ltr'>nulla</span> <span class='ocrx_word' id='word_1_213' title='bbox 450 2746 517 2811; x_wconf 89' lang='lat' dir='ltr'>eius</span> <span class='ocrx_word' id='word_1_214' title='bbox 540 2745 585 2811; x_wconf 88' lang='lat' dir='ltr'>rei</span> <span class='ocrx_word' id='word_1_215' title='bbox 602 2743 714 2812; x_wconf 92' lang='lat' dir='ltr'>alicubi</span> <span class='ocrx_word' id='word_1_216' title='bbox 731 2755 816 2812; x_wconf 87' lang='lat' dir='ltr'>extet</span> <span class='ocrx_word' id='word_1_217' title='bbox 835 2743 1029 2832; x_wconf 89' lang='lat' dir='ltr'>dispensatio</span> <span class='ocrx_word' id='word_1_218' title='bbox 1045 2755 1098 2810; x_wconf 90' lang='lat' dir='ltr'>aut</span> <span class='ocrx_word' id='word_1_219' title='bbox 1117 2742 1308 2831; x_wconf 89' lang='lat' dir='ltr'>praecedens</span> <span class='ocrx_word' id='word_1_220' title='bbox 1325 2766 1394 2810; x_wconf 91' lang='lat' dir='ltr'>eam</span> <span class='ocrx_word' id='word_1_221' title='bbox 1412 2756 1617 2833; x_wconf 90' lang='lat' dir='ltr'>prosternens</span> 
     </span>
     <span class='ocr_line' id='line_1_24' title="bbox 246 2848 1616 2939; baseline 0.001 -22"><span class='ocrx_word' id='word_1_222' title='bbox 246 2848 445 2932; x_wconf 89' lang='lat' dir='ltr'>mandatum,</span> <span class='ocrx_word' id='word_1_223' title='bbox 476 2863 510 2918; x_wconf 92' lang='lat' dir='ltr'>ut</span> <span class='ocrx_word' id='word_1_224' title='bbox 542 2850 622 2918; x_wconf 90' lang='lat' dir='ltr'>illius</span> <span class='ocrx_word' id='word_1_225' title='bbox 653 2852 753 2939; x_wconf 88' lang='lat' dir='ltr'>possit</span> <span class='ocrx_word' id='word_1_226' title='bbox 783 2849 843 2917; x_wconf 94' lang='lat' dir='ltr'>dici</span> <span class='ocrx_word' id='word_1_227' title='bbox 877 2848 1070 2938; x_wconf 89' lang='lat' dir='ltr'>dispensatio</span> <span class='ocrx_word' id='word_1_228' title='bbox 1077 2875 1086 2933; x_wconf 92' lang='lat'>;</span> <span class='ocrx_word' id='word_1_229' title='bbox 1125 2872 1228 2938; x_wconf 88' lang='lat' dir='ltr'>neque</span> <span class='ocrx_word' id='word_1_230' title='bbox 1259 2848 1493 2938; x_wconf 88' lang='lat' dir='ltr'>dispensatores</span> <span class='ocrx_word' id='word_1_231' title='bbox 1526 2849 1616 2934; x_wconf 90' lang='lat' dir='ltr'>fiunt,</span> 
     </span>
     <span class='ocr_line' id='line_1_25' title="bbox 245 2955 1617 3046; baseline 0.001 -23"><span class='ocrx_word' id='word_1_232' title='bbox 245 2978 348 3043; x_wconf 88' lang='lat' dir='ltr'>poena</span> <span class='ocrx_word' id='word_1_233' title='bbox 372 2955 492 3025; x_wconf 90' lang='lat' dir='ltr'>adiecta</span> <span class='ocrx_word' id='word_1_234' title='bbox 516 2957 637 3025; x_wconf 88' lang='lat' dir='ltr'>nolenti</span> <span class='ocrx_word' id='word_1_235' title='bbox 661 2979 732 3024; x_wconf 88' lang='lat' dir='ltr'>eam</span> <span class='ocrx_word' id='word_1_236' title='bbox 756 2957 869 3046; x_wconf 82' lang='lat' dir='ltr'>exequi</span> <span class='ocrx_word' id='word_1_237' title='bbox 893 2979 966 3023; x_wconf 89' lang='lat' dir='ltr'>cum</span> <span class='ocrx_word' id='word_1_238' title='bbox 989 2968 1170 3044; x_wconf 90' lang='lat' dir='ltr'>praecept0,</span> <span class='ocrx_word' id='word_1_239' title='bbox 1195 2968 1228 3022; x_wconf 91' lang='lat' dir='ltr'>ut</span> <span class='ocrx_word' id='word_1_240' title='bbox 1252 2955 1283 3021; x_wconf 89' lang='lat' dir='ltr'>in</span> <span class='ocrx_word' id='word_1_241' title='bbox 1313 2968 1425 3024; x_wconf 88' lang='lat' dir='ltr'>nostro</span> <span class='ocrx_word' id='word_1_242' title='bbox 1456 2958 1617 3025; x_wconf 90' lang='lat' dir='ltr'>intuemur</span> 
     </span>
     <span class='ocr_line' id='line_1_26' title="bbox 246 3062 1616 3152; baseline 0.001 -23"><span class='ocrx_word' id='word_1_243' title='bbox 246 3063 410 3150; x_wconf 90' lang='lat' dir='ltr'>negotio.l</span> <span class='ocrx_word' id='word_1_244' title='bbox 455 3062 676 3151; x_wconf 89' lang='lat' dir='ltr'>Contemplari</span> <span class='ocrx_word' id='word_1_245' title='bbox 699 3064 800 3151; x_wconf 91' lang='lat' dir='ltr'>ipsam</span> <span class='ocrx_word' id='word_1_246' title='bbox 818 3062 909 3130; x_wconf 90' lang='lat' dir='ltr'>liceat</span> <span class='ocrx_word' id='word_1_247' title='bbox 932 3084 1052 3129; x_wconf 88' lang='lat' dir='ltr'>sacram</span> <span class='ocrx_word' id='word_1_248' title='bbox 1075 3062 1234 3150; x_wconf 87' lang='lat' dir='ltr'>paginam.</span> <span class='ocrx_word' id='word_1_249' title='bbox 1280 3063 1335 3129; x_wconf 88' lang='lat' dir='ltr'>Ait</span> <span class='ocrx_word' id='word_1_250' title='bbox 1351 3062 1507 3152; x_wconf 90' lang='lat' dir='ltr'>siquidem</span> <span class='ocrx_word' id='word_1_251' title='bbox 1531 3063 1616 3131; x_wconf 91' lang='lat' dir='ltr'>idem</span> 
     </span>
     <span class='ocr_line' id='line_1_27' title="bbox 245 3167 1617 3259; baseline 0.003 -25"><span class='ocrx_word' id='word_1_252' title='bbox 245 3167 406 3256; x_wconf 87' lang='lat' dir='ltr'>legislator</span> <span class='ocrx_word' id='word_1_253' title='bbox 430 3167 546 3237; x_wconf 90' lang='lat' dir='ltr'>eodem</span> <span class='ocrx_word' id='word_1_254' title='bbox 569 3169 669 3237; x_wconf 91' lang='lat' dir='ltr'>Levit.</span> <span class='ocrx_word' id='word_1_255' title='bbox 691 3171 728 3237; x_wconf 89' lang='lat'>18</span> <span class='ocrx_word' id='word_1_256' title='bbox 749 3167 844 3259; x_wconf 90' lang='lat'>(18):</span> <span class='ocrx_word' id='word_1_257' title='bbox 869 3169 1023 3236; x_wconf 89' lang='lat' dir='ltr'>Sororem</span> <span class='ocrx_word' id='word_1_258' title='bbox 1048 3169 1155 3235; x_wconf 87' lang='lat' dir='ltr'>uxoris</span> <span class='ocrx_word' id='word_1_259' title='bbox 1179 3180 1251 3235; x_wconf 90' lang='lat' dir='ltr'>tuae</span> <span class='ocrx_word' id='word_1_260' title='bbox 1274 3169 1306 3235; x_wconf 91' lang='lat' dir='ltr'>in</span> <span class='ocrx_word' id='word_1_261' title='bbox 1330 3169 1508 3257; x_wconf 89' lang='lat' dir='ltr'>pellicatum</span> <span class='ocrx_word' id='word_1_262' title='bbox 1537 3169 1617 3238; x_wconf 89' lang='lat' dir='ltr'>illius</span> 
     </span>
     <span class='ocr_line' id='line_1_28' title="bbox 247 3273 1616 3363; baseline 0.002 -21"><span class='ocrx_word' id='word_1_263' title='bbox 247 3297 313 3343; x_wconf 88' lang='lat' dir='ltr'>non</span> <span class='ocrx_word' id='word_1_264' title='bbox 337 3276 470 3363; x_wconf 89' lang='lat' dir='ltr'>accipies</span> <span class='ocrx_word' id='word_1_265' title='bbox 493 3299 553 3343; x_wconf 90' lang='lat' dir='ltr'>nec</span> <span class='ocrx_word' id='word_1_266' title='bbox 576 3274 728 3343; x_wconf 89' lang='lat' dir='ltr'>revelabis</span> <span class='ocrx_word' id='word_1_267' title='bbox 750 3273 978 3363; x_wconf 89' lang='lat' dir='ltr'>turpitudinem</span> <span class='ocrx_word' id='word_1_268' title='bbox 1003 3276 1070 3342; x_wconf 90' lang='lat' dir='ltr'>eius</span> <span class='ocrx_word' id='word_1_269' title='bbox 1093 3274 1195 3342; x_wconf 90' lang='lat' dir='ltr'>adbuc</span> <span class='ocrx_word' id='word_1_270' title='bbox 1210 3274 1260 3341; x_wconf 90' lang='lat' dir='ltr'>illa</span> <span class='ocrx_word' id='word_1_271' title='bbox 1276 3276 1412 3344; x_wconf 89' lang='lat' dir='ltr'>vivente.</span> <span class='ocrx_word' id='word_1_272' title='bbox 1449 3275 1537 3358; x_wconf 89' lang='lat' dir='ltr'>Quid</span> <span class='ocrx_word' id='word_1_273' title='bbox 1555 3291 1616 3345; x_wconf 89' lang='lat' dir='ltr'>est:</span> 
     </span>
     <span class='ocr_line' id='line_1_29' title="bbox 247 3369 1617 3471; baseline 0.002 -23"><span class='ocrx_word' id='word_1_274' title='bbox 247 3379 349 3449; x_wconf 87' lang='lat' dir='ltr'>adhuc</span> <span class='ocrx_word' id='word_1_275' title='bbox 371 3380 421 3448; x_wconf 89' lang='lat' dir='ltr'>illa</span> <span class='ocrx_word' id='word_1_276' title='bbox 443 3383 589 3449; x_wconf 82' lang='lat' dir='ltr'>vivente?</span> <span class='ocrx_word' id='word_1_277' title='bbox 623 3383 701 3449; x_wconf 90' lang='lat' dir='ltr'>Post</span> <span class='ocrx_word' id='word_1_278' title='bbox 732 3381 812 3449; x_wconf 91' lang='lat' dir='ltr'>illius</span> <span class='ocrx_word' id='word_1_279' title='bbox 836 3381 959 3449; x_wconf 89' lang='lat' dir='ltr'>obitum</span> <span class='ocrx_word' id='word_1_280' title='bbox 984 3404 1101 3469; x_wconf 89' lang='lat' dir='ltr'>nempe</span> <span class='ocrx_word' id='word_1_281' title='bbox 1125 3379 1177 3471; x_wconf 91' lang='lat' dir='ltr'>(ut</span> <span class='ocrx_word' id='word_1_282' title='bbox 1199 3379 1307 3465; x_wconf 78' lang='lat' dir='ltr'>ludaei</span> <span class='ocrx_word' id='word_1_283' title='bbox 1332 3369 1466 3471; x_wconf 77' lang='lat' dir='ltr'>faciunt)</span> <span class='ocrx_word' id='word_1_284' title='bbox 1491 3405 1560 3450; x_wconf 90' lang='lat' dir='ltr'>eam</span> <span class='ocrx_word' id='word_1_285' title='bbox 1585 3385 1617 3452; x_wconf 88' lang='lat' dir='ltr'>in</span> 
     </span>
     <span class='ocr_line' id='line_1_30' title="bbox 248 3486 1618 3578; baseline 0.003 -24"><span class='ocrx_word' id='word_1_286' title='bbox 248 3509 379 3556; x_wconf 85' lang='lat' dir='ltr'>uxorem</span> <span class='ocrx_word' id='word_1_287' title='bbox 404 3488 546 3576; x_wconf 89' lang='lat' dir='ltr'>accipias.</span> <span class='ocrx_word' id='word_1_288' title='bbox 593 3487 716 3555; x_wconf 91' lang='lat' dir='ltr'>Volens</span> <span class='ocrx_word' id='word_1_289' title='bbox 739 3489 876 3555; x_wconf 91' lang='lat' dir='ltr'>omnino</span> <span class='ocrx_word' id='word_1_290' title='bbox 898 3486 1068 3575; x_wconf 92' lang='lat' dir='ltr'>probibere</span> <span class='ocrx_word' id='word_1_291' title='bbox 1091 3509 1289 3576; x_wconf 87' lang='lat' dir='ltr'>nequaquam</span> <span class='ocrx_word' id='word_1_292' title='bbox 1318 3487 1515 3575; x_wconf 89' lang='lat' dir='ltr'>protulisset:</span> <span class='ocrx_word' id='word_1_293' title='bbox 1551 3490 1618 3578; x_wconf 90' lang='lat' dir='ltr'>ipsa</span> 
     </span>
     <span class='ocr_line' id='line_1_31' title="bbox 247 3592 1618 3684; baseline 0.001 -23"><span class='ocrx_word' id='word_1_294' title='bbox 247 3594 384 3662; x_wconf 90' lang='lat' dir='ltr'>vivente.</span> <span class='ocrx_word' id='word_1_295' title='bbox 431 3593 628 3662; x_wconf 85' lang='lat' dir='ltr'>Conceditur</span> <span class='ocrx_word' id='word_1_296' title='bbox 652 3595 756 3684; x_wconf 90' lang='lat' dir='ltr'>itaque</span> <span class='ocrx_word' id='word_1_297' title='bbox 780 3592 870 3661; x_wconf 91' lang='lat' dir='ltr'>alicui</span> <span class='ocrx_word' id='word_1_298' title='bbox 895 3592 971 3661; x_wconf 89' lang='lat' dir='ltr'>duas</span> <span class='ocrx_word' id='word_1_299' title='bbox 994 3615 1133 3676; x_wconf 88' lang='lat' dir='ltr'>sorores,</span> <span class='ocrx_word' id='word_1_300' title='bbox 1156 3593 1286 3661; x_wconf 88' lang='lat' dir='ltr'>alteram</span> <span class='ocrx_word' id='word_1_301' title='bbox 1310 3613 1382 3682; x_wconf 90' lang='lat' dir='ltr'>post</span> <span class='ocrx_word' id='word_1_302' title='bbox 1401 3595 1527 3663; x_wconf 89' lang='lat' dir='ltr'>alterius</span> <span class='ocrx_word' id='word_1_303' title='bbox 1551 3595 1618 3663; x_wconf 91' lang='lat' dir='ltr'>obi·</span> 
     </span>
     <span class='ocr_line' id='line_1_32' title="bbox 247 3698 1618 3787; baseline 0.002 -20"><span class='ocrx_word' id='word_1_304' title='bbox 247 3713 316 3767; x_wconf 86' lang='lat' dir='ltr'>turn</span> <span class='ocrx_word' id='word_1_305' title='bbox 339 3701 371 3767; x_wconf 96' lang='lat' dir='ltr'>in</span> <span class='ocrx_word' id='word_1_306' title='bbox 397 3702 637 3769; x_wconf 89' lang='lat' dir='ltr'>matrimonium</span> <span class='ocrx_word' id='word_1_307' title='bbox 660 3699 786 3783; x_wconf 90' lang='lat' dir='ltr'>ducere,</span> <span class='ocrx_word' id='word_1_308' title='bbox 811 3712 843 3767; x_wconf 90' lang='lat' dir='ltr'>et</span> <span class='ocrx_word' id='word_1_309' title='bbox 864 3698 949 3767; x_wconf 89' lang='lat' dir='ltr'>fratri</span> <span class='ocrx_word' id='word_1_310' title='bbox 972 3698 1082 3768; x_wconf 90' lang='lat' dir='ltr'>itidem</span> <span class='ocrx_word' id='word_1_311' title='bbox 1105 3721 1186 3766; x_wconf 88' lang='lat' dir='ltr'>uxor</span> <span class='ocrx_word' id='word_1_312' title='bbox 1208 3702 1402 3787; x_wconf 91' lang='lat' dir='ltr'>praemortui</span> <span class='ocrx_word' id='word_1_313' title='bbox 1425 3700 1526 3769; x_wconf 84' lang='lat' dir='ltr'>fratris</span> <span class='ocrx_word' id='word_1_314' title='bbox 1549 3703 1618 3771; x_wconf 89' lang='lat' dir='ltr'>sine</span> 
     </span>
     <span class='ocr_line' id='line_1_33' title="bbox 250 3805 1618 3894; baseline 0.002 -20"><span class='ocrx_word' id='word_1_315' title='bbox 250 3807 353 3875; x_wconf 88' lang='lat' dir='ltr'>liberis</span> <span class='ocrx_word' id='word_1_316' title='bbox 382 3809 518 3875; x_wconf 88' lang='lat' dir='ltr'>omnino</span> <span class='ocrx_word' id='word_1_317' title='bbox 553 3805 748 3876; x_wconf 89' lang='lat' dir='ltr'>conceditur.</span> <span class='ocrx_word' id='word_1_318' title='bbox 794 3805 912 3875; x_wconf 87' lang='lat' dir='ltr'>Eadem</span> <span class='ocrx_word' id='word_1_319' title='bbox 942 3808 1027 3874; x_wconf 89' lang='lat' dir='ltr'>enim</span> <span class='ocrx_word' id='word_1_320' title='bbox 1059 3818 1186 3894; x_wconf 89' lang='lat' dir='ltr'>apparet</span> <span class='ocrx_word' id='word_1_321' title='bbox 1213 3808 1303 3874; x_wconf 90' lang='lat' dir='ltr'>ratio.</span> <span class='ocrx_word' id='word_1_322' title='bbox 1349 3806 1494 3875; x_wconf 88' lang='lat' dir='ltr'>Eundem</span> <span class='ocrx_word' id='word_1_323' title='bbox 1524 3811 1618 3877; x_wconf 90' lang='lat' dir='ltr'>etiam</span> 
     </span>
     <span class='ocr_line' id='line_1_34' title="bbox 248 3910 1619 3984; baseline 0.003 -4"><span class='ocrx_word' id='word_1_324' title='bbox 248 3925 370 3981; x_wconf 87' lang='lat' dir='ltr'>textum</span> <span class='ocrx_word' id='word_1_325' title='bbox 400 3913 545 3981; x_wconf 90' lang='lat' dir='ltr'>Hebraici</span> <span class='ocrx_word' id='word_1_326' title='bbox 584 3914 742 3981; x_wconf 89' lang='lat' dir='ltr'>sermonis</span> <span class='ocrx_word' id='word_1_327' title='bbox 773 3936 842 3981; x_wconf 89' lang='lat' dir='ltr'>rem</span> <span class='ocrx_word' id='word_1_328' title='bbox 880 3932 1023 3980; x_wconf 90' lang='lat' dir='ltr'>nostram</span> <span class='ocrx_word' id='word_1_329' title='bbox 1057 3910 1266 3980; x_wconf 90' lang='lat' dir='ltr'>declarantem</span> <span class='ocrx_word' id='word_1_330' title='bbox 1298 3912 1441 3982; x_wconf 89' lang='lat' dir='ltr'>advertas</span> <span class='ocrx_word' id='word_1_331' title='bbox 1475 3914 1619 3984; x_wconf 90' lang='lat' dir='ltr'>obsecro.</span> 
     </span>
     <span class='ocr_line' id='line_1_35' title="bbox 250 4017 1620 4108; baseline 0.003 -22"><span class='ocrx_word' id='word_1_332' title='bbox 250 4019 394 4087; x_wconf 84' lang='lat' dir='ltr'>Uxorem</span> <span class='ocrx_word' id='word_1_333' title='bbox 425 4019 526 4088; x_wconf 88' lang='lat' dir='ltr'>fratris</span> <span class='ocrx_word' id='word_1_334' title='bbox 561 4021 610 4087; x_wconf 92' lang='lat' dir='ltr'>sui</span> <span class='ocrx_word' id='word_1_335' title='bbox 642 4042 740 4087; x_wconf 92' lang='lat' dir='ltr'>nemo</span> <span class='ocrx_word' id='word_1_336' title='bbox 781 4019 926 4108; x_wconf 90' lang='lat' dir='ltr'>accipiat,</span> <span class='ocrx_word' id='word_1_337' title='bbox 962 4038 996 4086; x_wconf 93' lang='lat' dir='ltr'>ut</span> <span class='ocrx_word' id='word_1_338' title='bbox 1029 4017 1187 4107; x_wconf 89' lang='lat' dir='ltr'>profluvio</span> <span class='ocrx_word' id='word_1_339' title='bbox 1216 4020 1378 4107; x_wconf 87' lang='lat' dir='ltr'>sanguinis</span> <span class='ocrx_word' id='word_1_340' title='bbox 1405 4019 1520 4089; x_wconf 87' lang='lat' dir='ltr'>infecta</span> <span class='ocrx_word' id='word_1_341' title='bbox 1548 4045 1620 4090; x_wconf 88' lang='lat' dir='ltr'>cen-</span> 
     </span>
     <span class='ocr_line' id='line_1_36' title="bbox 249 4124 1621 4216; baseline 0.002 -24"><span class='ocrx_word' id='word_1_342' title='bbox 249 4146 362 4193; x_wconf 91' lang='lat' dir='ltr'>seatur.</span> <span class='ocrx_word' id='word_1_343' title='bbox 419 4126 485 4194; x_wconf 88' lang='lat' dir='ltr'>Cur</span> <span class='ocrx_word' id='word_1_344' title='bbox 520 4128 577 4194; x_wconf 91' lang='lat' dir='ltr'>ait:</span> <span class='ocrx_word' id='word_1_345' title='bbox 622 4138 657 4194; x_wconf 91' lang='lat' dir='ltr'>ut</span> <span class='ocrx_word' id='word_1_346' title='bbox 691 4125 851 4214; x_wconf 91' lang='lat' dir='ltr'>profluvio</span> <span class='ocrx_word' id='word_1_347' title='bbox 886 4126 1047 4213; x_wconf 88' lang='lat' dir='ltr'>sanguinis</span> <span class='ocrx_word' id='word_1_348' title='bbox 1080 4124 1214 4194; x_wconf 83' lang='lat' dir='ltr'>infecta?</span> <span class='ocrx_word' id='word_1_349' title='bbox 1264 4125 1315 4194; x_wconf 90' lang='lat' dir='ltr'>Ad</span> <span class='ocrx_word' id='word_1_350' title='bbox 1347 4138 1473 4215; x_wconf 88' lang='lat' dir='ltr'>tempus</span> <span class='ocrx_word' id='word_1_351' title='bbox 1506 4130 1621 4216; x_wconf 91' lang='lat' dir='ltr'>quippe</span> 
     </span>
     <span class='ocr_line' id='line_1_37' title="bbox 250 4230 1621 4319; baseline 0.002 -20"><span class='ocrx_word' id='word_1_352' title='bbox 250 4231 383 4319; x_wconf 90' lang='lat' dir='ltr'>polluta,</span> <span class='ocrx_word' id='word_1_353' title='bbox 419 4251 454 4299; x_wconf 93' lang='lat' dir='ltr'>ut</span> <span class='ocrx_word' id='word_1_354' title='bbox 489 4231 604 4300; x_wconf 87' lang='lat' dir='ltr'>infecta</span> <span class='ocrx_word' id='word_1_355' title='bbox 641 4243 807 4299; x_wconf 89' lang='lat' dir='ltr'>menstruo</span> <span class='ocrx_word' id='word_1_356' title='bbox 841 4230 881 4298; x_wconf 93' lang='lat' dir='ltr'>ad</span> <span class='ocrx_word' id='word_1_357' title='bbox 914 4252 1040 4319; x_wconf 92' lang='lat' dir='ltr'>tempus</span> <span class='ocrx_word' id='word_1_358' title='bbox 1074 4242 1105 4298; x_wconf 90' lang='lat' dir='ltr'>et</span> <span class='ocrx_word' id='word_1_359' title='bbox 1138 4230 1306 4319; x_wconf 88' lang='lat' dir='ltr'>prohibita,</span> <span class='ocrx_word' id='word_1_360' title='bbox 1340 4230 1416 4299; x_wconf 92' lang='lat' dir='ltr'>dum</span> <span class='ocrx_word' id='word_1_361' title='bbox 1449 4231 1544 4300; x_wconf 82' lang='lat' dir='ltr'>frater</span> <span class='ocrx_word' id='word_1_362' title='bbox 1577 4235 1621 4302; x_wconf 93' lang='lat' dir='ltr'>vi·</span> 
     </span>
     <span class='ocr_line' id='line_1_38' title="bbox 251 4330 1621 4429; baseline 0.002 -24"><span class='ocrx_word' id='word_1_363' title='bbox 251 4337 364 4405; x_wconf 90' lang='lat' dir='ltr'>delicet</span> <span class='ocrx_word' id='word_1_364' title='bbox 400 4337 484 4428; x_wconf 90' lang='lat' dir='ltr'>(eius</span> <span class='ocrx_word' id='word_1_365' title='bbox 520 4337 661 4405; x_wconf 87' lang='lat' dir='ltr'>mulieris</span> <span class='ocrx_word' id='word_1_366' title='bbox 695 4336 760 4429; x_wconf 87' lang='lat' dir='ltr'>vir)</span> <span class='ocrx_word' id='word_1_367' title='bbox 797 4337 874 4405; x_wconf 92' lang='lat' dir='ltr'>vivit</span> <span class='ocrx_word' id='word_1_368' title='bbox 912 4337 962 4404; x_wconf 93' lang='lat' dir='ltr'>vel</span> <span class='ocrx_word' id='word_1_369' title='bbox 1002 4360 1075 4404; x_wconf 86' lang='lat' dir='ltr'>cum</span> <span class='ocrx_word' id='word_1_370' title='bbox 1109 4336 1198 4425; x_wconf 91' lang='lat' dir='ltr'>prole</span> <span class='ocrx_word' id='word_1_371' title='bbox 1231 4330 1353 4405; x_wconf 89' lang='lat' dir='ltr'>obierit.</span> <span class='ocrx_word' id='word_1_372' title='bbox 1407 4338 1473 4406; x_wconf 89' lang='lat' dir='ltr'>Cur</span> <span class='ocrx_word' id='word_1_373' title='bbox 1499 4357 1621 4408; x_wconf 88' lang='lat' dir='ltr'>autem:</span> 
     </span>
    </p>
   </div>
   <div class='ocr_carea' id='block_1_3' title="bbox 251 4566 1624 5063">
    <p class='ocr_par' dir='ltr' id='par_1_4' title="bbox 251 4566 1624 5063">
     <span class='ocr_line' id='line_1_39' title="bbox 359 4566 1622 4636; baseline 0.002 -13"><span class='ocrx_word' id='word_1_374' title='bbox 359 4577 366 4607; x_wconf 92' lang='lat'>¹</span> <span class='ocrx_word' id='word_1_375' title='bbox 386 4569 441 4622; x_wconf 87' lang='lat' dir='ltr'>Das</span> <span class='ocrx_word' id='word_1_376' title='bbox 460 4569 547 4636; x_wconf 86' lang='lat' dir='ltr'>heisst,</span> <span class='ocrx_word' id='word_1_377' title='bbox 566 4570 613 4623; x_wconf 90' lang='lat' dir='ltr'>der</span> <span class='ocrx_word' id='word_1_378' title='bbox 631 4568 772 4623; x_wconf 86' lang='lat' dir='ltr'>Gebrauch</span> <span class='ocrx_word' id='word_1_379' title='bbox 791 4568 827 4620; x_wconf 93' lang='lat' dir='ltr'>im</span> <span class='ocrx_word' id='word_1_380' title='bbox 847 4568 917 4621; x_wconf 90' lang='lat' dir='ltr'>alten</span> <span class='ocrx_word' id='word_1_381' title='bbox 938 4568 1120 4633; x_wconf 87' lang='lat' dir='ltr'>Testamente,</span> <span class='ocrx_word' id='word_1_382' title='bbox 1140 4566 1196 4621; x_wconf 90' lang='lat' dir='ltr'>dass</span> <span class='ocrx_word' id='word_1_383' title='bbox 1215 4567 1262 4621; x_wconf 86' lang='lat' dir='ltr'>der</span> <span class='ocrx_word' id='word_1_384' title='bbox 1280 4567 1379 4621; x_wconf 88' lang='lat' dir='ltr'>Bruder</span> <span class='ocrx_word' id='word_1_385' title='bbox 1398 4568 1439 4622; x_wconf 88' lang='lat' dir='ltr'>die</span> <span class='ocrx_word' id='word_1_386' title='bbox 1456 4568 1556 4624; x_wconf 78' lang='lat' dir='ltr'>Witvve</span> <span class='ocrx_word' id='word_1_387' title='bbox 1575 4570 1622 4625; x_wconf 90' lang='lat' dir='ltr'>des</span> 
     </span>
     <span class='ocr_line' id='line_1_40' title="bbox 251 4637 1622 4706; baseline 0.002 -14"><span class='ocrx_word' id='word_1_388' title='bbox 251 4639 384 4694; x_wconf 83' lang='lat' dir='ltr'>kinderlos</span> <span class='ocrx_word' id='word_1_389' title='bbox 402 4639 594 4693; x_wconf 89' lang='lat' dir='ltr'>verstorbenen</span> <span class='ocrx_word' id='word_1_390' title='bbox 612 4639 726 4693; x_wconf 88' lang='lat' dir='ltr'>Bruders</span> <span class='ocrx_word' id='word_1_391' title='bbox 744 4639 882 4705; x_wconf 85' lang='lat' dir='ltr'>heiratete,</span> <span class='ocrx_word' id='word_1_392' title='bbox 901 4656 958 4692; x_wconf 87' lang='lat' dir='ltr'>war</span> <span class='ocrx_word' id='word_1_393' title='bbox 975 4638 1035 4692; x_wconf 84' lang='lat' dir='ltr'>lein</span> <span class='ocrx_word' id='word_1_394' title='bbox 1056 4637 1149 4704; x_wconf 86' lang='lat' dir='ltr'>Indult,</span> <span class='ocrx_word' id='word_1_395' title='bbox 1173 4637 1289 4691; x_wconf 89' lang='lat' dir='ltr'>sondem</span> <span class='ocrx_word' id='word_1_396' title='bbox 1308 4639 1351 4691; x_wconf 87' lang='lat' dir='ltr'>ein</span> <span class='ocrx_word' id='word_1_397' title='bbox 1370 4637 1473 4706; x_wconf 86' lang='lat' dir='ltr'>Gebot3</span> <span class='ocrx_word' id='word_1_398' title='bbox 1502 4639 1622 4695; x_wconf 87' lang='lat' dir='ltr'>dasselbe</span> 
     </span>
     <span class='ocr_line' id='line_1_41' title="bbox 252 4706 1623 4780; baseline 0.001 -16"><span class='ocrx_word' id='word_1_399' title='bbox 252 4710 343 4764; x_wconf 76' lang='lat' dir='ltr'>vaurde</span> <span class='ocrx_word' id='word_1_400' title='bbox 367 4718 443 4765; x_wconf 88' lang='lat' dir='ltr'>unter</span> <span class='ocrx_word' id='word_1_401' title='bbox 466 4711 528 4764; x_wconf 87' lang='lat' dir='ltr'>sehr</span> <span class='ocrx_word' id='word_1_402' title='bbox 551 4708 756 4780; x_wconf 89' lang='lat' dir='ltr'>empfindlicben</span> <span class='ocrx_word' id='word_1_403' title='bbox 779 4707 884 4763; x_wconf 84' lang='lat' dir='ltr'>Strasen</span> <span class='ocrx_word' id='word_1_404' title='bbox 909 4706 1088 4779; x_wconf 79' lang='lat' dir='ltr'>eingeschitrft</span> <span class='ocrx_word' id='word_1_405' title='bbox 1106 4708 1229 4777; x_wconf 87' lang='lat' dir='ltr'>(Deuter.</span> <span class='ocrx_word' id='word_1_406' title='bbox 1243 4710 1290 4776; x_wconf 82' lang='lat'>&#39;25,</span> <span class='ocrx_word' id='word_1_407' title='bbox 1311 4711 1418 4778; x_wconf 90' lang='lat'>7-10),</span> <span class='ocrx_word' id='word_1_408' title='bbox 1442 4709 1495 4763; x_wconf 89' lang='lat' dir='ltr'>und</span> <span class='ocrx_word' id='word_1_409' title='bbox 1519 4710 1574 4764; x_wconf 87' lang='lat' dir='ltr'>dass</span> <span class='ocrx_word' id='word_1_410' title='bbox 1594 4729 1623 4765; x_wconf 91' lang='lat' dir='ltr'>es</span> 
     </span>
     <span class='ocr_line' id='line_1_42' title="bbox 252 4777 1622 4865; baseline 0.001 -32"><span class='ocrx_word' id='word_1_411' title='bbox 252 4780 314 4834; x_wconf 88' lang='lat' dir='ltr'>sehr</span> <span class='ocrx_word' id='word_1_412' title='bbox 331 4781 521 4852; x_wconf 84' lang='lat' dir='ltr'>unangenehm</span> <span class='ocrx_word' id='word_1_413' title='bbox 538 4780 649 4835; x_wconf 85' lang='lat' dir='ltr'>werden</span> <span class='ocrx_word' id='word_1_414' title='bbox 667 4779 774 4846; x_wconf 84' lang='lat' dir='ltr'>konnte,</span> <span class='ocrx_word' id='word_1_415' title='bbox 794 4781 877 4833; x_wconf 86' lang='lat' dir='ltr'>seben</span> <span class='ocrx_word' id='word_1_416' title='bbox 895 4780 946 4834; x_wconf 88' lang='lat' dir='ltr'>wir</span> <span class='ocrx_word' id='word_1_417' title='bbox 964 4796 997 4833; x_wconf 90' lang='lat' dir='ltr'>an</span> <span class='ocrx_word' id='word_1_418' title='bbox 1017 4779 1078 4833; x_wconf 89' lang='lat' dir='ltr'>dem</span> <span class='ocrx_word' id='word_1_419' title='bbox 1097 4777 1229 4849; x_wconf 89' lang='lat' dir='ltr'>Beispiele</span> <span class='ocrx_word' id='word_1_420' title='bbox 1247 4778 1294 4832; x_wconf 91' lang='lat' dir='ltr'>des</span> <span class='ocrx_word' id='word_1_421' title='bbox 1314 4778 1402 4846; x_wconf 89' lang='lat' dir='ltr'>Onan,</span> <span class='ocrx_word' id='word_1_422' title='bbox 1421 4778 1521 4835; x_wconf 89' lang='lat' dir='ltr'>Genes.</span> <span class='ocrx_word' id='word_1_423' title='bbox 1539 4782 1578 4850; x_wconf 84' lang='lat'>38,</span> <span class='ocrx_word' id='word_1_424' title='bbox 1598 4799 1622 4865; x_wconf 80' lang='lat' dir='ltr'>p,</span> 
     </span>
     <span class='ocr_line' id='line_1_43' title="bbox 252 4849 1623 4919; baseline 0.001 -14"><span class='ocrx_word' id='word_1_425' title='bbox 252 4851 305 4905; x_wconf 88' lang='lat' dir='ltr'>und</span> <span class='ocrx_word' id='word_1_426' title='bbox 323 4851 371 4905; x_wconf 86' lang='lat' dir='ltr'>des</span> <span class='ocrx_word' id='word_1_427' title='bbox 388 4850 501 4905; x_wconf 88' lang='lat' dir='ltr'>Brudets</span> <span class='ocrx_word' id='word_1_428' title='bbox 521 4868 574 4905; x_wconf 89' lang='lat' dir='ltr'>von</span> <span class='ocrx_word' id='word_1_429' title='bbox 593 4850 667 4905; x_wconf 90' lang='lat' dir='ltr'>Booz</span> <span class='ocrx_word' id='word_1_430' title='bbox 685 4850 770 4919; x_wconf 90' lang='lat' dir='ltr'>(Ruth</span> <span class='ocrx_word' id='word_1_431' title='bbox 788 4865 813 4917; x_wconf 78' lang='lat'>4,</span> <span class='ocrx_word' id='word_1_432' title='bbox 832 4849 871 4919; x_wconf 90' lang='lat'>6),</span> <span class='ocrx_word' id='word_1_433' title='bbox 890 4850 995 4904; x_wconf 85' lang='lat' dir='ltr'>welche</span> <span class='ocrx_word' id='word_1_434' title='bbox 1018 4849 1094 4903; x_wconf 88' lang='lat' dir='ltr'>beide</span> <span class='ocrx_word' id='word_1_435' title='bbox 1113 4849 1196 4903; x_wconf 89' lang='lat' dir='ltr'>davor</span> <span class='ocrx_word' id='word_1_436' title='bbox 1214 4849 1481 4917; x_wconf 72' lang='lat' dir='ltr'>zuritclrschreclrten,</span> <span class='ocrx_word' id='word_1_437' title='bbox 1506 4850 1562 4906; x_wconf 86' lang='lat' dir='ltr'>dass</span> <span class='ocrx_word' id='word_1_438' title='bbox 1580 4852 1623 4906; x_wconf 82' lang='lat' dir='ltr'>dre</span> 
     </span>
     <span class='ocr_line' id='line_1_44' title="bbox 251 4919 1624 4990; baseline 0.001 -14"><span class='ocrx_word' id='word_1_439' title='bbox 251 4922 353 4977; x_wconf 85' lang='lat' dir='ltr'>Kinder</span> <span class='ocrx_word' id='word_1_440' title='bbox 375 4939 421 4978; x_wconf 87' lang='lat' dir='ltr'>aus</span> <span class='ocrx_word' id='word_1_441' title='bbox 441 4921 527 4976; x_wconf 84' lang='lat' dir='ltr'>dieser</span> <span class='ocrx_word' id='word_1_442' title='bbox 544 4922 602 4977; x_wconf 89' lang='lat' dir='ltr'>Ehe</span> <span class='ocrx_word' id='word_1_443' title='bbox 625 4922 674 4976; x_wconf 88' lang='lat' dir='ltr'>mit</span> <span class='ocrx_word' id='word_1_444' title='bbox 693 4921 740 4975; x_wconf 89' lang='lat' dir='ltr'>der</span> <span class='ocrx_word' id='word_1_445' title='bbox 753 4920 854 4976; x_wconf 84' lang='lat' dir='ltr'>Witwe</span> <span class='ocrx_word' id='word_1_446' title='bbox 877 4921 949 4974; x_wconf 87' lang='lat' dir='ltr'>nicht</span> <span class='ocrx_word' id='word_1_447' title='bbox 973 4919 1011 4974; x_wconf 87' lang='lat' dir='ltr'>als</span> <span class='ocrx_word' id='word_1_448' title='bbox 1035 4920 1092 4973; x_wconf 89' lang='lat' dir='ltr'>ihre</span> <span class='ocrx_word' id='word_1_449' title='bbox 1111 4921 1238 4990; x_wconf 84' lang='lat' dir='ltr'>eigenen,</span> <span class='ocrx_word' id='word_1_450' title='bbox 1263 4920 1379 4974; x_wconf 88' lang='lat' dir='ltr'>sondern</span> <span class='ocrx_word' id='word_1_451' title='bbox 1401 4920 1439 4975; x_wconf 88' lang='lat' dir='ltr'>als</span> <span class='ocrx_word' id='word_1_452' title='bbox 1458 4921 1558 4977; x_wconf 89' lang='lat' dir='ltr'>Kinder</span> <span class='ocrx_word' id='word_1_453' title='bbox 1577 4922 1624 4977; x_wconf 87' lang='lat' dir='ltr'>des</span> 
     </span>
     <span class='ocr_line' id='line_1_45' title="bbox 255 4991 855 5063; baseline -0.002 -17"><span class='ocrx_word' id='word_1_454' title='bbox 255 4994 445 5048; x_wconf 86' lang='lat' dir='ltr'>verstorbenen</span> <span class='ocrx_word' id='word_1_455' title='bbox 463 4992 576 5047; x_wconf 86' lang='lat' dir='ltr'>Bruders</span> <span class='ocrx_word' id='word_1_456' title='bbox 596 5010 627 5046; x_wconf 91' lang='lat' dir='ltr'>zu</span> <span class='ocrx_word' id='word_1_457' title='bbox 646 4991 735 5063; x_wconf 83' lang='lat' dir='ltr'>gelten</span> <span class='ocrx_word' id='word_1_458' title='bbox 756 4992 855 5049; x_wconf 84' lang='lat' dir='ltr'>hatten.</span> 
     </span>
    </p>
   </div>
   <div class='ocr_carea' id='block_1_4' title="bbox 1470 5101 1505 5143">
    <p class='ocr_par' dir='ltr' id='par_1_5' title="bbox 1470 5101 1505 5143">
     <span class='ocr_line' id='line_1_46' title="bbox 1470 5101 1505 5143; baseline 0.029 -1"><span class='ocrx_word' id='word_1_459' title='bbox 1470 5101 1505 5143; x_wconf 77' lang='lat' dir='ltr'>te*</span> 
     </span>
    </p>
   </div>
   <div class='ocr_carea' id='block_1_5' title="bbox 0 0 1923 5606">
    <p class='ocr_par' dir='ltr' id='par_1_6' title="bbox 0 0 1923 5606">
     <span class='ocr_line' id='line_1_47' title="bbox 0 0 1923 5606; baseline 0 0"><span class='ocrx_word' id='word_1_460' title='bbox 0 0 1923 5606; x_wconf 95' lang='lat' dir='ltr'> </span> 
     </span>
    </p>
   </div>
  </div>
 </body>
</html>
