3802 5606
294 339 357 400 246
916 349 987 404 Felix
1006 368 1059 403 von
1079 351 1159 405 Prato
1178 352 1242 405 uber
1260 351 1303 405 die
1323 352 1418 421 pipstl.
1438 351 1670 422 Dispensgewalt.

293 522 416 578 statuta.
462 510 535 576 Hoc
558 509 643 577 idem
667 510 698 575 in
723 508 858 597 reliquis.
905 510 990 576 Nam
1014 508 1081 599 [nel
1104 512 1211 597 gravia
1234 509 1426 599 quandoque
1449 513 1669 598 germinarent

293 615 451 697 scandala,
482 628 534 684 aut
561 614 725 704 augendae
755 617 910 684 amicitiae
940 640 1032 684 causa
1062 616 1100 683 ab
1129 616 1250 684 eisdem
1279 616 1486 685 Pontificibus
1513 617 1544 684 id
1573 617 1668 685 nobis

293 722 482 810 abnegatum
512 721 707 789 arbitramur.
760 722 996 790 Omnimodam
1030 746 1147 812 nempe
1181 746 1198 788 a
1229 723 1359 790 Christo
1392 723 1518 791 Summi
1549 723 1668 791 habent

293 826 464 896 Pontifices
480 829 711 910 auctoritatem,
735 830 855 896 maiora
877 830 1012 897 iustitiae
1028 827 1189 897 condendi
1212 841 1387 918 praecepta.
1427 830 1521 911 Quae
1536 828 1667 920 quidem

293 947 406 1003 statuta
434 958 507 1002 cum
532 935 742 1003 conciliorum
766 948 835 1002 tum
860 935 1038 1003 eorundem
1062 936 1270 1003 Somniorum
1295 934 1488 1004 Pontificum
1514 935 1667 1026 (urgente

293 1040 401 1130 causa)
425 1040 557 1129 pedibus
580 1040 706 1109 illorum
730 1040 864 1109 subsunt
886 1040 1091 1124 Pontificum,
1116 1054 1148 1109 et
1169 1043 1323 1130 ipsomm‚
1348 1043 1401 1131 qui
1424 1041 1609 1124 condidere,
1633 1053 1667 1109 et

292 1171 424 1216 suorum
449 1170 682 1215 successomm.
729 1148 953 1228 Quamobrem
977 1149 1147 1216 Summum
1170 1146 1362 1217 Pontificem
1386 1146 1609 1216 omnimodam
1634 1148 1666 1214 in

293 1256 398 1343 primo
422 1253 581 1321 affinitatis
604 1252 704 1343 gradu
727 1252 929 1343 dispensandi
953 1256 1174 1322 anctoritatem
1199 1254 1344 1322 obtinere
1367 1255 1536 1322 credimus.

398 1361 486 1428 Haec
514 1371 589 1427 sunt
617 1383 698 1450 quae
731 1360 817 1428 volui
852 1384 910 1449 pro
941 1359 1128 1428 defensione
1157 1361 1296 1429 veritatis
1327 1361 1385 1428 bac
1413 1362 1445 1429 in
1476 1384 1510 1427 re
1541 1361 1665 1428 dixisse.

294 1468 388 1548 Quae
421 1467 530 1533 omnia
563 1464 653 1534 Sedis
685 1467 890 1555 Apostolicae
923 1469 1083 1557 ipsiusque
1115 1464 1343 1548 moderatoris,
1375 1468 1500 1535 Summi
1521 1465 1667 1534 videlicet

292 1572 467 1655 pontificis,
490 1572 618 1640 arbitrio
642 1572 817 1656 iudicanda,
845 1573 1051 1660 corrigenda,
1080 1572 1297 1655 emendanda,
1327 1572 1484 1641 abolenda
1514 1586 1546 1640 et
1569 1573 1665 1640 ertin-

292 1678 430 1767 guenda,
454 1691 614 1770 utcunque
638 1678 771 1762 libuerit,
795 1679 910 1748 dedico
933 1693 1027 1770 atque
1050 1698 1231 1768 prosterno.

398 1786 505 1853 frater
536 1786 622 1854 felix
654 1786 812 1854 Pratensis
845 1785 965 1853 ordinis
1002 1786 1228 1854 heremitarum
1263 1786 1296 1853 S.
1336 1788 1483 1874 August,
1516 1787 1663 1853 omnium

293 1890 491 1960 familiarium
509 1892 659 1959 Sanctmi.
677 1916 712 1960 ac
728 1892 860 1959 Beatmi.
877 1893 918 1958 D.
936 1893 976 1959 D.
994 1894 1095 1960 nostri
1111 1891 1299 1974 Clementis,
1319 1891 1525 1961 Clementrni.
1542 1892 1667 1961 Summi

293 1997 457 2066 Pontificis
480 1997 585 2066 divina
608 1996 808 2086 providentia
830 2000 955 2087 septimi
980 1999 1150 2081 minimus,
1179 1999 1267 2066 cuius
1290 1999 1453 2067 Sanctitati
1483 2022 1536 2066 me
1560 2011 1666 2066 totum

293 2102 464 2195 [subiiciol.

501 2280 608 2335 lettere
622 2280 647 2333 di
661 2280 774 2351 Principi
790 2296 822 2347 14
840 2280 857 2336 l.
870 2280 1019 2352 627-632.
1050 2281 1194 2348 Abschrift,
1213 2282 1286 2335 nicht
1300 2281 1352 2335 viel
1364 2287 1461 2352 spinet,
1481 2281 1544 2335 aber
1555 2281 1666 2334 manch-

399 2369 460 2424 iach
483 2368 633 2424 fehlerhaft.
670 2368 745 2423 Ganz
769 2386 813 2423 am
832 2369 958 2425 Schlusse
982 2371 1016 2424 ist
1040 2370 1110 2424 beim
1134 2369 1282 2424 Einbinden
1307 2371 1367 2424 eine
1391 2370 1461 2424 Zeile
1484 2370 1532 2424 mit
1556 2370 1667 2424 subiicio

399 2458 464 2513 oder
483 2458 629 2512 humillime
644 2459 755 2513 subiicio
773 2458 839 2513 oder
851 2459 925 2513 einer
943 2458 1085 2512 ihnlichen
1098 2458 1244 2529 Wendung
1254 2459 1497 2530 weggesehnitten.
1528 2448 1601 2513 llber
1615 2457 1667 2512 den

400 2546 539 2601 Verfasser
557 2545 629 2600 Felix
649 2564 702 2601 von
721 2548 801 2602 Prato
823 2546 931 2602 bandelt
950 2546 1053 2602 Kaulen
1077 2546 1180 2616 (trirher
1199 2547 1300 2615 Welte)
1319 2548 1347 2600 in
1365 2547 1474 2601 Wetzer
1492 2547 1545 2601 und
1563 2546 1667 2601 Weltes

400 2635 630 2702 Kircherrlexikon‚
651 2651 674 2690 2.
694 2635 764 2690 Auli.
783 2635 910 2707 Freiburg
932 2637 1007 2704 1883,
1030 2635 1104 2689 Band
1124 2650 1147 2702 2,
1167 2635 1218 2690 col.
1241 2636 1298 2708 589.
1335 2636 1465 2690 Derselbe
1484 2653 1540 2689 war
1558 2636 1602 2688 ein
1620 2635 1667 2689 be-

399 2724 505 2779 lrehrter
530 2723 611 2795 Jude,
639 2723 709 2779 daun
736 2724 1038 2796 Augustiner·Eremit,
1072 2724 1252 2779 bedentender
1279 2723 1388 2778 Kenner
1418 2723 1465 2778 des
1492 2723 1667 2778 hebraischen

399 2812 568 2878 Bibeltextes,
587 2811 634 2865 der
653 2811 695 2866 die
713 2812 808 2867 Daniel
829 2813 1031 2883 Bnmbergsche
1050 2811 1244 2885 Ribelausgabe
1265 2811 1306 2865 rur
1324 2811 1366 2866 die
1384 2811 1483 2883 Juden,
1502 2812 1668 2883 Antwerpen

402 2900 477 2968 1518,
496 2900 630 2971 besorgte.

941 3131 1020 3213 tta.

404 3295 467 3360 Uber
480 3309 542 3376 ranei
559 3307 654 3360 andere
666 3306 786 3359 Arbeiten
805 3307 934 3360 rihnlirher
948 3305 997 3359 Art
1015 3309 1065 3359 wie
1078 3307 1120 3359 die
1134 3307 1297 3361 vorstehende
1315 3312 1387 3378 migr
1399 3307 1454 3360 hier
1472 3308 1535 3376 leur(
1551 3307 1669 3361 berichtet

294 3397 403 3451 werden
442 3397 484 3451 Sia
506 3396 588 3450 slehen
611 3396 680 3448 lacida
703 3397 731 3448 in
753 3396 810 3448 dem
834 3395 1050 3449 melererwdlmten
1072 3395 1193 3449 Volumen
1218 3395 1291 3448 Arm.
1316 3395 1362 3449 XI.
1386 3394 1431 3449 ΧΙ.
1451 3395 1494 3465 58.
1531 3396 1583 3450 Die
1606 3404 1670 3450 erste

296 3486 333 3556 (s.
355 3485 468 3554 16-44)
490 3485 560 3545 subet
584 3484 636 3538 rich
661 3485 713 3555 aus
729 3485 787 3537 dem
811 3484 938 3539 Titellrlatt
961 3486 1002 3537 ein
1025 3486 1079 3538 als:
1100 3483 1243 3538 Comitium
1266 3483 1329 3537 Dni.
1356 3485 1460 3538 Nicolar'
1483 3484 1618 3539 ibolosani
1641 3488 1669 3538 in

295 3593 371 3630 causa
391 3574 532 3628 lllmorum.
553 3575 662 3644 registi
686 3576 793 3644 reginae
811 3573 1006 3637 Britannorum,
1030 3575 1058 3626 in
1071 3591 1124 3644 qaia
1139 3573 1273 3645 probatur,
1296 3574 1364 3644 quod
1382 3580 1545 3645 praeceptum
1567 3574 1599 3626 de
1617 3592 1668 3627 non

295 3664 407 3718 ducendo
422 3664 537 3716 relictam
548 3662 647 3732 fratris
659 3670 693 3714 est
712 3662 743 3714 de
757 3663 813 3714 iure
829 3663 950 3733 positivo,
964 3669 986 3714 et
997 3662 1055 3731 suit
1070 3669 1260 3732 praesentatum
1278 3679 1335 3714 cum
1347 3661 1526 3734 subscriptione
1544 3669 1567 3714 et
1580 3664 1668 3733 sigilio

294 3754 329 3806 ad
346 3754 428 3805 instar
446 3752 519 3805 buius
536 3750 677 3804 Caesareae
695 3749 828 3804 Maiestati
845 3751 890 3803 sub
907 3751 950 3803 die
969 3766 1010 3817 25.
1031 3752 1149 3803 ianuarii
1164 3766 1241 3819 1553,
1259 3751 1327 3803 alias
1345 3768 1415 3803 more
1428 3750 1576 3804 Florentino
1590 3767 1668 3820 1552,

295 3841 425 3893 Bononiae
443 3848 489 3910 per
510 3839 603 3892 leriieam
627 3838 785 3892 Tancredum
809 3841 891 3892 ciuem
912 3838 1050 3893 Senemem.
1090 3838 1132 3892 Sie
1154 3839 1256 3893 handelt
1279 3840 1340 3892 iiber
1363 3841 1426 3909 mari
1448 3838 1556 3892 Punite:
1581 3838 1668 3893 Princo

296 3936 381 3981 citrum
399 3929 456 3980 iure
469 3928 560 3981 diuino
573 3930 676 3999 pariter
694 3935 719 3980 et
736 3930 854 3981 naturali
868 3928 1025 4000 prohibitum
1037 3929 1071 3981 sit
1089 3927 1163 3980 hodie
1176 3935 1287 3999 tempore
1298 3929 1362 3999 legis
1380 3928 1552 3998 evangelicae,
1571 3945 1602 3979 ne
1614 3930 1668 3997 quis

295 4017 447 4070 christianus
465 4016 579 4069 relictam
591 4016 691 4086 fratris
709 4019 736 4068 in
755 4032 860 4070 uxorem
878 4018 962 4070 ducat.
1002 4016 1114 4070 Semndo
1129 4022 1215 4069 utrum
1233 4018 1308 4070 liceat
1323 4015 1426 4069 Summo
1439 4015 1556 4086 Pontifici
1568 4016 1669 4088 dispen-

295 4122 353 4158 sare
369 4112 443 4175 super
460 4105 626 4157 matrimonio
645 4104 814 4158 contrahendo
833 4107 876 4158 oet
894 4111 1022 4158 contracto
1041 4121 1098 4157 cum
1116 4105 1206 4158 relicta
1222 4105 1328 4174 fratris.
1366 4103 1418 4157 Die
1436 4104 1584 4175 cigentliche
1602 4104 1669 4157 Aus-

296 4192 520 4262 einandersetrung
538 4191 641 4262 beginnt
659 4192 742 4263 auss.
764 4192 797 4245 18
815 4195 862 4246 mit
879 4193 928 4246 den
946 4192 1064 4246 Worten:
1082 4192 1193 4245 Domine
1211 4193 1281 4246 Iulia
1299 4192 1403 4246 leunuiis
1419 4195 1490 4246 servi
1507 4194 1547 4246 tui
1565 4194 1670 4265 aperies,

296 4289 323 4335 ut
342 4299 368 4335 os
380 4298 463 4333 nieum
476 4281 631 4333 annuntiare
649 4282 736 4334 valeat
755 4283 891 4335 ueritatem
909 4289 989 4346 tuam,
1008 4281 1061 4333 und
1074 4280 1139 4350 rieht
1157 4280 1240 4351 auls.
1253 4296 1288 4348 44
1306 4282 1356 4334 den
1371 4280 1482 4349 Schluss:
1501 4281 1534 4335 Et
1546 4298 1577 4334 ex
1590 4291 1670 4353 prae-

296 4371 370 4423 dictis
388 4375 501 4421 renmnet
518 4367 600 4436 firma
618 4370 754 4433 conclusio,
777 4371 888 4440 qualiter
907 4387 957 4423 non
977 4377 1011 4423 est
1034 4370 1091 4421 inre
1108 4369 1202 4422 divino
1216 4371 1318 4441 pariter
1336 4375 1359 4422 et
1377 4371 1494 4423 naturali
1513 4369 1670 4442 prohibitum

296 4457 370 4511 hodie
387 4464 497 4528 tempore
515 4456 579 4527 legis
597 4458 770 4527 evangelicae,
789 4476 819 4510 ne
838 4460 893 4528 quis
911 4456 1063 4511 christianus
1082 4458 1197 4510 relictam
1208 4458 1308 4527 fratris
1326 4459 1354 4509 in
1368 4476 1472 4511 uxorem
1491 4459 1575 4511 ducat.
1608 4457 1670 4511 Item

297 4547 407 4617 qualiter
425 4546 482 4597 licet
502 4543 604 4597 Summo
624 4543 742 4615 Pontifici
758 4546 904 4617 dispensare
921 4555 995 4614 super
1013 4547 1179 4599 niatrimonio
1198 4545 1367 4600 contrahendo
1386 4553 1410 4599 et
1427 4548 1502 4600 licuit
1518 4556 1593 4618 nuper
1610 4563 1670 4599 con-

296 4640 378 4687 tracto
397 4650 454 4686 cum
473 4634 561 4686 relicta
572 4634 672 4703 fratris
690 4641 821 4705 tamquam
838 4643 912 4706 super
931 4636 987 4687 iure
1005 4652 1073 4687 mere
1088 4634 1200 4705 positivo
1215 4633 1347 4688 Ecclesiae.
1379 4634 1412 4687 Et
1431 4653 1447 4689 a
1461 4635 1602 4707 praedictis
1614 4640 1671 4707 post

296 4722 506 4793 dispensationem
524 4723 578 4774 iam
594 4723 697 4792 factam
717 4730 739 4775 et
758 4724 953 4776 matrimonium
970 4728 1129 4775 contractum
1153 4740 1204 4774 non
1224 4722 1328 4775 videtur
1344 4730 1413 4776 tutus
1431 4740 1544 4776 recessus.
1582 4723 1615 4777 Et
1633 4726 1671 4777 ita

298 4817 420 4882 utsupra
439 4811 580 4863 conclusum
600 4816 635 4862 est
652 4810 710 4864 dico
729 4816 752 4863 et
769 4811 878 4864 consulo.
916 4810 972 4881 Ego
988 4810 1111 4864 Nimiam
1130 4809 1261 4863 leonardi
1279 4809 1399 4865 Iohannis
1417 4811 1548 4865 leonardi
1565 4811 1672 4883 Rogerii

297 4898 329 4951 de
351 4896 457 4951 Tlrolma
483 4899 588 4952 existens
611 4900 639 4950 in
662 4896 753 4951 Tuscia
777 4899 805 4950 in
826 4905 896 4951 terra
921 4899 993 4951 collis
1015 4898 1094 4952 uallis
1116 4897 1198 4951 beliae
1220 4896 1248 4951 U.
1268 4896 1289 4951 1.
1308 4898 1343 4951 D.
1362 4900 1435 4953 saluo
1457 4908 1553 4971 semper
1575 4900 1671 4953 iudicio

300 4988 390 5039 rectius
412 4988 549 5050 sentientis,
574 4994 595 5039 et
615 4988 642 5038 in
654 4985 735 5056 fidem
754 5005 792 5039 me
810 4988 944 5058 subscripsi
966 4988 1116 5057 solitumque
1133 5005 1216 5039 meum
1236 4988 1352 5057 sigillum
1371 4990 1483 5059 apposui.
1521 4987 1589 5041 Laus
1608 4987 1671 5041 Deo.
