3820 5592
295 296 315 358 2
1518 306 1569 380 Juli
1591 324 1666 380 ¹527·

293 466 528 536 nobilissimum
551 467 669 536 Christi
691 469 882 556 sanguinem
905 481 935 537 et
958 468 1223 556 pretiosissimum
1248 489 1363 557 corpus
1385 490 1442 557 per
1464 467 1611 536 iniuriam
1634 487 1666 536 et

294 588 515 664 contemptum
540 573 729 657 effuderunt,
752 597 832 663 quae
850 587 936 642 certe
952 587 1017 643 tam
1040 576 1146 662 gravia
1169 586 1201 642 et
1218 597 1285 641 non
1309 572 1438 642 ferenda
1456 573 1538 641 mala
1561 573 1664 643 adsui

292 683 526 750 restitutionem
551 681 738 749 christianos
762 703 877 749 omnes
900 680 1020 749 nedum
1044 682 1203 769 principes
1218 682 1416 768 permovisse
1432 680 1559 749 debent.
1595 681 1665 749 Nos

292 811 370 857 vero
394 787 492 856 officii
515 788 617 855 nostri
640 809 802 854 memores
831 800 862 856 et
891 786 972 855 tituli
996 785 1070 854 fidei
1094 785 1271 854 defensoris
1301 809 1368 854 non
1397 787 1485 855 obliti
1512 799 1664 856 statutum

293 914 481 984 motumque
506 894 658 961 habemus
682 892 806 983 (quoad
829 892 897 961 lieri
920 916 977 982 per
1001 916 1061 960 nos
1084 893 1224 983 potest),
1255 905 1383 961 nostrae
1411 895 1573 960 vocationi
1601 917 1665 961 res-

291 1000 445 1089 pondere,
469 1001 542 1068 huic
558 999 714 1089 procellae
730 1023 923 1083 succurrere,
946 998 1024 1067 nihil
1040 1021 1108 1067 non
1124 998 1237 1082 facere,
1262 1022 1377 1067 omnes
1397 1010 1519 1067 tentare
1536 998 1664 1084 modos,

291 1130 406 1174 omnes
431 1108 563 1195 experiri
585 1107 652 1174 vias
674 1106 713 1174 ad
736 1107 924 1195 sanguinem
948 1129 1048 1195 usque
1064 1116 1222 1189 nostrum,
1246 1105 1358 1194 quibus
1380 1104 1500 1194 lapsam
1523 1106 1555 1173 S.
1572 1106 1609 1176 R.
1626 1107 1661 1174 E.

291 1211 478 1301 dignitatem
502 1214 625 1299 integre
648 1214 808 1295 resarcire,
833 1214 926 1301 capiti
950 1214 1178 1301 communique
1194 1213 1316 1300 parenti
1331 1211 1508 1280 libertatem
1524 1235 1663 1280 asserere

292 1330 323 1387 et
357 1319 487 1387 Christo
519 1317 615 1385 illatas
645 1320 772 1386 iniurias
800 1341 944 1407 reparare
971 1319 1142 1407 possimus.
1196 1318 1362 1400 Quoniam
1391 1330 1497 1386 autem
1527 1341 1587 1407 pro
1617 1342 1664 1402 ea,

290 1448 385 1514 quam
416 1423 566 1493 obtinetis
597 1424 801 1512 dignitatem,
835 1426 960 1494 Rmam.
995 1426 1261 1493 Dominationem
1295 1424 1444 1493 Vestram
1477 1443 1663 1514 ceterosque

291 1554 367 1598 suos
391 1531 575 1614 confratres,
599 1554 682 1621 quos
705 1530 810 1599 divina
833 1529 1050 1599 misericordia
1072 1554 1090 1598 a
1112 1542 1178 1599 tam
1202 1532 1301 1598 atroci
1329 1532 1506 1619 captivitate
1536 1543 1662 1599 sanctae

292 1638 456 1707 Romanae
472 1637 741 1727 Apostolicaeque
758 1636 832 1705 Sedi
850 1638 993 1726 integros
1016 1638 1196 1720 reservavit,
1224 1650 1256 1704 et
1278 1658 1415 1725 quorum
1439 1638 1594 1726 imprimis
1617 1639 1664 1704 in·

290 1756 432 1827 teresset,
455 1756 545 1812 tanto
569 1744 710 1811 maloin
734 1756 880 1833 tempore
904 1743 1036 1826 mederi,
1060 1744 1141 1832 paris
1164 1743 1262 1810 animi
1285 1740 1406 1811 ardoris
1429 1766 1465 1810 ac
1491 1742 1663 1812 voluntatis

291 1873 360 1918 esse
385 1874 452 1917 non
475 1849 676 1938 ambigimus,
700 1873 851 1938 magnam
875 1849 1087 1918 restituendae
1116 1850 1161 1916 rei
1189 1872 1281 1937 spem
1308 1846 1520 1938 fiduciamque
1549 1873 1663 1918 conce

290 1959 404 2046 pimus.
451 1956 553 2023 Huius
575 1958 670 2044 igitur
699 1968 764 2023 tam
785 1958 962 2053 'necessarii
991 1957 1097 2044 operis
1125 1956 1224 2044 gratia
1247 1956 1376 2024 Rmum.
1400 1975 1494 2044 atque
1525 1955 1662 2025 Illmum.

291 2062 470 2130 Dominum
502 2061 691 2129 cardinalem
722 2062 974 2145 Eboracensem,
1007 2074 1133 2130 sanctae
1156 2061 1361 2150 Apostolicae
1385 2061 1475 2130 Sedis
1498 2061 1538 2130 de
1568 2063 1663 2131 latere

290 2168 447 2257 legatum,
475 2168 789 2237 observantissimum
818 2170 914 2236 vestri
942 2181 1069 2237 senatus
1100 2166 1281 2236 membrum
1305 2181 1514 2259 nostrumque
1542 2169 1664 2238 locum-

290 2286 455 2344 tenentem
472 2286 503 2342 et
526 2273 566 2342 de
583 2297 647 2364 quo
671 2298 738 2342 non
762 2274 850 2343 aliter
866 2299 960 2364 quam
985 2275 1024 2342 de
1049 2274 1141 2341 nobis
1163 2276 1239 2362 ipsis
1257 2274 1440 2363 plenissime
1459 2274 1662 2361 confidimus,

291 2380 330 2449 ad
346 2381 650 2449 Christianissimum
675 2381 839 2449 Gallorum
864 2405 975 2470 regem
999 2381 1126 2450 fratrem
1143 2400 1289 2448 nostmm
1313 2383 1510 2450 carissimum
1531 2383 1664 2471 imprae-

290 2489 392 2555 sentia
414 2489 559 2555 misimus
582 2488 614 2554 in
630 2487 850 2578 mandatisque
866 2486 1023 2572 dedimus,
1047 2507 1081 2555 ut
1104 2487 1144 2555 ad
1160 2510 1235 2555 eum
1251 2487 1359 2555 locum
1375 2510 1453 2555 mox
1471 2512 1506 2554 se
1522 2489 1661 2577 recipiat,

291 2593 344 2662 ubi
368 2593 408 2662 de
430 2617 465 2662 re
487 2605 573 2663 tanta
597 2594 801 2662 commodius
830 2594 953 2662 consuli
981 2595 1167 2683 tractarique
1194 2595 1305 2683 possit.
1352 2594 1500 2661 Vestram
1528 2593 1663 2683 proinde

292 2700 417 2770 Rmam.
447 2700 712 2769 Dominationem
742 2723 894 2788 rogamus
923 2721 954 2769 et
983 2701 1194 2783 obtestamur,
1223 2712 1257 2767 ut
1286 2696 1326 2767 ad
1356 2723 1429 2767 eum
1457 2698 1580 2782 locum,
1609 2702 1662 2789 qui
1750 2786 1751 2792 ἵ

293 2806 389 2875 veluti
418 2805 624 2874 commodior
652 2807 869 2895 assignabitur,
899 2809 1073 2875 convenire
1103 2806 1177 2875 velit
1209 2826 1241 2874 et
1272 2829 1383 2874 causae
1416 2806 1488 2876 huic
1517 2808 1663 2874 omnium

293 2913 496 3001 gravissimae
520 2911 643 2980 labores
667 2936 782 2980 omnes
805 2913 1011 3002 posthabere,
1039 2936 1104 3002 quo
1129 2936 1288 2980 unacum
1311 2911 1427 2980 eodem
1454 2913 1549 2981 Rmo
1572 2912 1663 2995 Duo,

292 3017 398 3105 legato
421 3017 561 3107 aliisque,
584 3019 638 3107 qui
661 3018 722 3086 illic
745 3018 888 3102 aderunt,
912 3018 1120 3087 confratribus
1144 3020 1310 3086 communi
1334 3018 1468 3086 consilio
1484 3041 1544 3107 pro
1565 3018 1661 3086 Sanc-

291 3125 405 3191 tissimi
428 3125 469 3190 D.
493 3125 535 3191 N.
558 3123 742 3192 liberatione
771 3137 802 3193 et
829 3148 888 3213 pro
918 3137 983 3193 tam
1007 3127 1108 3193 saevis
1136 3123 1314 3193 avertendis
1343 3123 1433 3192 malis
1460 3124 1511 3191 ille
1539 3125 1663 3192 ineatur

292 3229 419 3313 modus,
443 3231 496 3318 qui
519 3227 695 3318 expeditior
718 3242 751 3298 et
774 3229 1003 3299 conducibilior
1025 3230 1118 3299 fuerit
1140 3230 1272 3299 habitus.
1319 3229 1484 3319 Quidquid
1507 3253 1584 3298 vero
1601 3253 1663 3297 una

293 3359 366 3404 cum
389 3334 442 3403 illo
466 3355 579 3403 nostro
602 3338 736 3405 nomine
759 3349 923 3420 statuetur,
949 3350 1075 3426 gratum
1099 3350 1130 3406 et
1156 3349 1260 3406 ratum
1283 3337 1482 3421 habebimus,
1513 3356 1544 3405 et
1572 3339 1663 3405 omni

293 3456 402 3510 nostra
432 3442 640 3525 authoritate,
674 3466 771 3532 opera
801 3467 837 3512 ac
867 3444 984 3513 viribus
1015 3464 1173 3533 praestare
1210 3443 1405 3512 conabimur.
1458 3444 1497 3512 Et
1532 3443 1663 3512 feliciter

291 3548 404 3616 valete.

398 3653 443 3719 Ex
465 3654 552 3740 regia
575 3666 684 3722 nostra
707 3653 892 3744 Wyndsore
916 3655 967 3724 die
996 3677 1043 3724 10.
1066 3657 1139 3742 Julii
1166 3676 1259 3744 1527.

962 3780 1078 3848 Vester
1099 3779 1204 3848 bonus
1226 3781 1346 3848 amicus

1054 3887 1224 3955 Henricus.

1281 3992 1391 4059 Petrus
1415 3990 1555 4058 Vannes.

501 4147 582 4204 Arch.
601 4148 687 4203 Vatic.
706 4148 830 4204 Instrum.
854 4149 1032 4206 miscellanea.
1061 4151 1135 4205 Arm.
1160 4150 1206 4205 XI.
1226 4167 1297 4221 caps.
1323 4166 1346 4217 r,
1370 4168 1395 4204 n.
1421 4163 1479 4219 203.
1517 4148 1594 4220 Orig.
1617 4149 1661 4204 lat.

395 4235 482 4307 Perg,
501 4235 641 4290 mehrfach
666 4235 861 4295 durchfressen.
898 4236 1041 4305 Gedruckt,
1067 4239 1115 4292 mit
1139 4237 1226 4291 vielen
1249 4236 1365 4305 delren,
1389 4238 1431 4291 bei
1455 4237 1581 4304 Theiner,
1599 4237 1661 4293 Vet.

396 4322 469 4377 Mon.
489 4323 547 4379 Hib.
571 4333 598 4378 et
621 4325 694 4380 Scot.
718 4343 743 4397 p.
771 4326 828 4395 558,
853 4343 878 4380 u.
902 4327 962 4397 989,
988 4325 1091 4380 danach
1113 4326 1237 4380 Abdruclr
1267 4326 1310 4380 bei
1337 4326 1457 4395 Pocock‚
1484 4325 1604 4381 Records
1633 4324 1666 4379 of

393 4412 439 4466 the
463 4411 582 4468 Reform.
620 4413 680 4467 The
703 4414 812 4469 divorce
834 4414 867 4468 II.
891 4414 961 4485 App.
985 4432 1010 4486 p.
1037 4430 1094 4487 579,
1119 4415 1167 4468 mit
1186 4416 1294 4485 einigen
1312 4415 1509 4487 Konjelrturen,
1528 4415 1570 4469 die
1589 4415 1661 4479 aber,

397 4500 470 4554 ohne
488 4500 607 4555 Einsicht
626 4501 673 4555 des
687 4501 830 4574 Originals,
850 4502 923 4556 nicht
941 4503 1037 4556 immer
1055 4502 1101 4557 das
1114 4503 1238 4575 Richtige
1255 4503 1352 4557 trelIen
1370 4503 1497 4559 lronnten.
1533 4505 1574 4559 Inr
1593 4504 1662 4558 Vor-

395 4588 543 4643 stehenden
563 4590 595 4643 lst
621 4589 668 4643 der
686 4589 764 4653 Text,
790 4591 860 4645 nach
883 4589 1055 4661 sorglaltiger
1079 4590 1280 4663 Vergleichung
1304 4591 1351 4645 des
1379 4591 1524 4664 Originals,
1552 4598 1662 4665 erganzt

394 4675 463 4730 nach
489 4677 577 4730 elnem
596 4676 760 4750 vollstandig
773 4677 1004 4749 gleichlautenden
1018 4678 1164 4732 Schreiben
1182 4679 1322 4733 Heinrichs
1335 4680 1407 4736 VIII.
1421 4698 1453 4735 an
1471 4681 1523 4734 den
1536 4681 1661 4735 KardInal

395 4763 472 4831 Cibo,
491 4764 538 4819 das
557 4766 584 4818 in
596 4782 715 4836 genauer
727 4766 905 4821 italienischer
918 4758 1105 4838 Ubersetzung
1123 4768 1165 4821 bei
1178 4767 1268 4838 Jeron.
1282 4768 1407 4837 Ruscelli,
1426 4769 1534 4824 Lettere
1548 4770 1573 4824 di
1586 4769 1661 4823 Prin-

394 4852 446 4922 cipi
463 4852 496 4907 11.
516 4853 650 4924 (Venedig
669 4855 748 4925 1575)
768 4868 831 4925 232,
850 4854 979 4926 gedruclrt
997 4857 1039 4911 ist.
1076 4856 1132 4910 Der
1150 4856 1404 4930 Ruclrtrbersetzung
1426 4858 1509 4913 durch
1528 4857 1661 4914 Oldoinus

394 4937 550 5011 (Claconius
569 4941 615 4997 III.
634 4941 696 5011 467)
715 4942 781 5014 liegt
800 4943 926 5016 lediglich
951 4944 1038 4998 dieser
1062 4944 1226 5000 italienische
1245 4946 1315 5000 Text
1333 4965 1364 5001 zu
1384 4946 1501 5004 Grunde.
