3836 5598
313 346 374 412 lul
1467 352 1587 419 Olrtober
1608 374 1681 434 ¹53⁰·

415 524 492 592 Post
515 544 610 614 quam
633 519 762 613 quidem
785 518 1031 591 advocationem
1055 518 1157 591 nullus
1180 520 1286 611 regius
1314 521 1474 611 legitimus
1497 536 1683 612 procurator

310 632 497 721 comparuit,
521 631 573 720 qui
597 641 650 697 aut
672 630 789 718 scripto
813 641 866 698 aut
883 628 979 698 verbo
1004 629 1044 698 de
1067 627 1185 697 iuribus
1201 628 1346 712 doceret3
1378 640 1546 718 propterea
1568 629 1606 696 lis
1629 628 1682 697 de·

310 737 370 806 cidi
394 737 555 826 hucusque
579 759 646 803 non
668 737 782 825 potuit.
828 735 913 802 Nam
936 758 975 802 ex
999 736 1075 803 actis
1103 746 1135 801 et
1158 734 1330 823 productis,
1360 758 1428 802 non
1452 758 1490 803 ex
1517 758 1627 813 amore
1651 748 1682 803 et

309 844 531 911 benevolentia
559 841 732 910 decidenda
761 855 817 909 est.
865 842 972 930 Itaque
1000 842 1084 929 regis
1113 843 1219 929 potius
1242 841 1380 923 tarditas,
1409 864 1477 908 non
1508 860 1616 908 nostra
1637 843 1682 908 vi-

310 950 400 1019 detur
423 947 607 1017 accusanda.

415 1056 528 1145 Neque
557 1078 618 1123 nos
641 1057 715 1122 satis
739 1067 872 1123 movent
895 1078 966 1137 eae,
996 1077 1072 1144 quas
1096 1052 1247 1135 vidimus,
1276 1065 1410 1141 quatuor
1433 1054 1681 1122 Universitatum

309 1164 521 1244 auctoritates,
545 1163 698 1251 quoniam
714 1158 825 1250 quibus
848 1160 1022 1229 rationibus
1039 1178 1228 1228 moveantur
1252 1182 1319 1226 non
1337 1159 1495 1228 ascribunt
1502 1187 1511 1243 ;
1537 1172 1567 1228 et
1587 1183 1682 1249 quam

309 1282 394 1337 recte
423 1267 558 1336 scribere
586 1268 762 1355 potuerint,
792 1268 846 1356 qui
876 1286 1041 1356 utramque
1072 1277 1193 1354 partem
1223 1287 1290 1332 non
1318 1264 1474 1334 audierint
1504 1290 1608 1356 neque
1637 1271 1681 1336 rei

310 1377 474 1443 veritatem
498 1373 717 1454 discusserint,
747 1373 961 1461 unusquisque
986 1393 1183 1460 cognoscere
1207 1382 1328 1460 potest,
1357 1395 1548 1461 quamquam
1577 1388 1609 1442 et
1635 1397 1682 1441 re·

309 1482 402 1569 ginae
433 1492 653 1569 procuratores
684 1501 718 1546 se
748 1477 852 1566 plures
883 1479 978 1545 etiam
1008 1500 1102 1567 quam
1133 1500 1193 1545 vos
1221 1478 1359 1567 allegatis
1382 1479 1626 1548 Academiarum
1651 1492 1681 1547 et

310 1586 596 1655 eruditissimorum
620 1586 761 1652 virorum
790 1607 849 1671 pro
873 1585 938 1673 ipsa
963 1585 1071 1672 regina
1094 1585 1300 1653 sentientium
1329 1587 1443 1674 scripta
1470 1585 1682 1675 producturos

310 1715 379 1760 esse
402 1690 570 1760 affirmant.
620 1690 683 1759 Sed
707 1704 740 1758 ut
763 1692 822 1758 ista
848 1691 1045 1772 omittamus,
1069 1703 1177 1758 cavete
1198 1693 1395 1773 existimetis,
1421 1694 1588 1782 quicquam
1615 1693 1682 1780 regi

310 1798 398 1867 cordi
422 1822 506 1881 esse,
537 1796 624 1887 quod
652 1795 744 1864 nobis
773 1819 865 1865 curae
895 1795 1070 1864 admodum
1095 1818 1162 1863 non
1185 1799 1242 1880 sit;
1275 1796 1332 1865 sed
1355 1799 1387 1865 in
1410 1800 1567 1887 praesenti
1592 1821 1682 1865 causa

310 1927 377 1971 non
400 1916 481 1987 tarn,
509 1902 596 1993 quod
620 1905 702 1992 ipse,
732 1901 819 1992 quod
843 1904 919 1970 item
943 1924 1003 1969 vos
1026 1903 1116 1990 regni
1147 1904 1375 1993 tranquillitatis
1399 1927 1489 1972 causa
1520 1917 1555 1972 ut
1583 1903 1683 1972 dicitis

311 2010 504 2092 desideratis,
528 2032 622 2100 quam
639 2008 726 2099 quod
750 2008 843 2075 nobis
866 2007 999 2097 dignum
1017 2027 1064 2076 est
1088 2007 1238 2098 quodque
1261 2011 1378 2078 iustum
1396 2022 1458 2093 est,
1482 2009 1682 2078 considerare

310 2115 473 2185 debemus.
519 2116 627 2204 Itaque
657 2128 691 2183 ut
719 2139 835 2183 munus
865 2115 941 2182 recti
973 2113 1100 2197 iudicis,
1132 2114 1194 2183 hoc
1223 2136 1269 2183 est
1299 2128 1446 2184 nostrum
1478 2139 1679 2207 exequamur,

310 2223 403 2291 rebus
427 2220 576 2290 omnibus
598 2222 631 2288 in
655 2221 713 2289 hac
737 2244 827 2288 causa
851 2233 974 2289 mature
997 2220 1144 2289 discussis
1167 2224 1358 2290 sententiam
1382 2221 1590 2311 proferemus.

416 2327 517 2411 Quod
535 2350 613 2395 vero
636 2328 747 2396 attinet
769 2326 896 2395 adeam
918 2347 1040 2416 partem
1063 2326 1237 2396 litteramm
1257 2340 1443 2411 vestrarum,
1466 2330 1500 2395 in
1523 2352 1583 2418 qua
1606 2341 1681 2411 erat,

310 2458 369 2503 vos
392 2436 479 2524 quasi
504 2445 632 2502 coactos
656 2435 776 2501 acriora
798 2433 937 2501 remedia
961 2456 1030 2501 esse
1053 2435 1250 2516 inventuros,
1280 2433 1443 2502 decentius
1467 2446 1551 2502 certe
1574 2433 1682 2502 suisset

310 2542 486 2610 Devotioni
509 2541 657 2622 Vestrae,
688 2563 754 2608 non
784 2539 886 2608 modo
917 2538 1000 2607 illam
1024 2539 1186 2622 omisisse,
1214 2539 1271 2608 sed
1295 2563 1336 2608 ne
1360 2542 1516 2629 cogitasse
1544 2540 1682 2630 quidem,

310 2670 557 2737 persuasumque
574 2646 666 2713 nobis
683 2658 740 2728 est,
764 2667 822 2713 vos
838 2645 1021 2713 inconsulto
1037 2668 1113 2734 rege
1137 2647 1178 2714 ita
1193 2648 1365 2735 scripsisse,
1389 2648 1505 2736 quippe
1521 2648 1574 2737 qui
1597 2670 1683 2735 prae-

310 2754 404 2823 stanti
432 2755 465 2821 in
488 2755 595 2821 Deum
625 2772 655 2820 et
683 2753 765 2820 hanc
793 2765 934 2820 sanctam
961 2751 1079 2820 Sedem
1107 2753 1222 2841 pietate
1251 2751 1410 2841 praeditus
1439 2775 1512 2820 cum
1540 2754 1595 2836 sit,
1623 2776 1682 2821 vos

311 2864 418 2952 utique
438 2857 595 2928 eomodo
619 2857 754 2926 scribere
778 2881 845 2926 non
861 2860 1065 2948 permisisset.
1104 2857 1192 2926 Nihil
1208 2861 1304 2941 enim,
1329 2858 1416 2949 quod
1439 2861 1479 2927 sit
1494 2883 1512 2927 a
1528 2858 1682 2948 religione

305 2968 504 3047 seiunctum,
533 2963 651 3032 nedum
680 2962 717 3031 ab
748 2964 814 3031 eius
842 2963 1032 3045 Serenitate,
1063 2963 1119 3032 sed
1148 2987 1206 3032 nec
1237 2967 1332 3032 etiam
1360 2989 1377 3032 a
1405 2964 1495 3033 vobis
1526 2965 1682 3054 proficisci

309 3095 405 3161 posse
432 3083 589 3160 putamus.
642 3070 713 3137 Nos
741 3068 885 3159 quidem,
916 3069 1028 3159 quibus
1060 3082 1093 3137 ut
1120 3093 1212 3159 supra
1241 3073 1423 3160 scripsimus
1451 3071 1563 3139 Sermi.
1593 3073 1682 3140 istius

310 3179 393 3266 regis
425 3177 569 3265 egregiae
601 3176 732 3242 virtutes
762 3174 993 3265 singulariaque
1025 3199 1099 3265 erga
1130 3199 1190 3244 nos
1222 3191 1253 3245 et
1283 3177 1364 3245 hanc
1395 3189 1535 3246 sanctam
1566 3175 1683 3245 Sedem

311 3284 422 3352 merita
445 3294 519 3350 sunt
542 3282 718 3364 notissima,
742 3282 892 3349 certiores
909 3304 967 3349 vos
991 3306 1060 3350 esse
1080 3282 1239 3367 volumus,
1264 3306 1374 3372 regem
1397 3285 1502 3372 ipsum
1518 3284 1627 3351 omnia
1649 3285 1681 3350 iu

310 3392 367 3458 hac
391 3412 482 3457 causa
498 3412 515 3456 a
532 3388 623 3456 nobis
647 3400 812 3476 expectare
835 3411 941 3477 posse,
965 3412 1044 3479 quae
1068 3389 1151 3456 salva
1174 3390 1288 3457 iustitia
1312 3389 1350 3456 ab
1369 3392 1494 3478 optimo
1519 3390 1682 3477 integerri-

310 3520 429 3588 moque
452 3493 608 3563 Pontifice
632 3496 788 3582 expectari
812 3493 938 3562 debent.

415 3602 534 3670 Datum
558 3612 617 3668 etc.

520 3740 627 3796 Lettere
646 3741 672 3794 di
690 3740 804 3812 Pnncipi
824 3741 875 3796 vol.
894 3755 933 3807 14,
953 3740 970 3796 f.
985 3756 1045 3813 479.
1084 3742 1138 3795 Der
1157 3741 1282 3796 Entwurf
1296 3743 1370 3796 ruhrt
1388 3743 1610 3798 wahrscheInIIch
1629 3760 1682 3797 von

416 3831 504 3884 einem
528 3830 575 3884 der
593 3829 688 3883 beiden
708 3828 848 3883 Kardinile
867 3827 990 3884 Lorenzo
1010 3828 1089 3883 Pucci
1114 3829 1180 3883 oder
1199 3829 1288 3884 Pietro
1312 3829 1344 3883 de
1363 3829 1468 3884 Accolti
1492 3831 1547 3897 her,
1571 3831 1613 3886 die
1636 3831 1682 3885 der

415 3918 494 3990 Papst
515 3918 556 3971 bei
570 3918 715 3989 wichtigen
729 3917 833 3971 Breven
851 3936 883 3972 zu
895 3917 963 3971 Rate
982 3935 1013 3971 zu
1026 3916 1120 3972 ziehen
1139 3916 1246 3989 pilegte.
1284 3917 1310 3973 S.
1323 3918 1365 3972 die
1379 3918 1582 3991 Bemerlrungen
1601 3930 1681 3973 unten

414 4025 445 4060 zu
464 4006 511 4060 Nr.
532 4022 562 4078 95
584 4023 628 4060 arn
647 4004 780 4062 Schlusse.
817 4005 875 4060 nuf
893 4005 935 4060 die
959 4005 1172 4060 selbstbewusste
1191 4007 1252 4074 Art,
1277 4008 1303 4061 in
1322 4006 1439 4062 welcher
1462 4008 1505 4062 die
1523 4025 1577 4062 von
1600 4008 1681 4063 Heiu-

414 4095 471 4149 rich
484 4094 555 4149 VIII.
574 4111 763 4166 gewonnenen
777 4095 974 4149 Universitaten
993 4095 1050 4149 ihre
1063 4094 1214 4150 Sentenzen
1229 4095 1329 4163 Iallteu,
1349 4097 1402 4150 und
1420 4096 1466 4150 aui
1477 4097 1528 4151 den
1542 4097 1681 4164 Umstaud,

415 4182 471 4238 dass
489 4184 546 4238 sich
565 4183 640 4237 dabei
660 4183 711 4237 alle
730 4184 776 4237 der
794 4183 908 4254 Angabe
927 4200 981 4238 von
996 4183 1123 4238 Grundeu
1143 4184 1327 4256 entsclrlugeu,
1347 4185 1453 4238 machte
1472 4186 1539 4239 auch
1558 4184 1682 4240 Kardinal

414 4270 585 4344 Campeggio
604 4272 631 4324 ln
650 4272 738 4325 elnem
757 4271 901 4326 Schreiben
920 4288 967 4326 aus
987 4272 1092 4327 Brussel
1112 4289 1176 4327 vom
1195 4274 1218 4327 8.
1238 4274 1343 4344 August
1365 4288 1392 4342 15
1399 4289 1426 4344 31
1450 4290 1483 4327 an
1501 4273 1556 4345 Jae.
1575 4272 1682 4327 Salviati

413 4359 600 4414 aulmerlrsam.
637 4359 786 4427 Laemmer,
810 4359 931 4414 Monuni.
946 4359 1032 4415 Vatic.
1052 4376 1093 4430 75.
1126 4360 1217 4431 Vergl.
1237 4361 1304 4415 auch
1328 4360 1374 4415 des
1400 4360 1510 4432 Papstes
1530 4350 1681 4431 llusseruug

413 4464 503 4522 gegen
523 4448 633 4503 Bennet.
672 4446 745 4502 State
765 4447 862 4518 Papers
882 4447 940 4502 VII.
962 4463 1020 4519 279.

963 4627 1025 4709 92.

450 4767 523 4851 Jac.
547 4765 706 4833 Salviati
729 4788 769 4832 an
793 4765 1042 4854 Campeggio.
1089 4768 1185 4850 Rom,
1211 4788 1262 4835 21.
1287 4766 1435 4836 Olrtober
1462 4786 1555 4854 1530.

411 4905 592 4976 Mitteilungen
617 4924 663 4960 aus
687 4906 743 4959 dem
768 4916 848 4960 ersten
871 4906 986 4960 Berichte
1010 4907 1053 4962 des
1079 4907 1192 4963 Nuntius
1215 4910 1247 4962 de
1270 4908 1370 4979 Burgio
1394 4926 1440 4962 aus
1464 4905 1599 4978 England:
1625 4908 1681 4961 Der

305 4993 391 5064 Konig
417 4995 548 5064 verluage,
574 4996 607 5047 da
635 4996 728 5047 erden
748 4994 822 5067 Papst
847 4996 901 5048 und
924 4996 967 5048 die
986 4996 1050 5051 Rota
1065 4997 1117 5066 srtr
1131 4996 1269 5069 parteiisclr
1293 4997 1368 5061 halle,
1394 4996 1577 5065 Rrickweisung
1602 4997 1681 5050 teitus
