3842 5592
272 387 335 454 1528
354 387 519 457 September.
1595 377 1635 440 41

267 569 301 613 33
323 544 351 613 13
379 545 524 629 intende,
553 546 612 614 3133
635 550 677 614 ne
703 545 751 613 331
778 545 958 635 procedere,
976 546 1012 613 in
1041 571 1134 615 causa
1156 552 1197 616 333
1221 548 1249 616 31
1271 550 1464 617 sententiare
1487 548 1598 617 habbia
1620 572 1638 617 a

267 653 371 740 seguir
393 676 469 720 cosa
491 651 602 720 alcuna
624 675 718 720 senza
740 652 937 721 advertisne«
965 672 1035 736 etc,
1065 655 1097 721 io
1121 679 1188 722 non
1212 654 1296 723 vedo
1324 656 1356 722 in
1380 678 1454 723 caso
1479 655 1559 724 ch'el
1585 680 1638 723 »33

267 781 332 825 non
355 760 381 825 si
398 776 524 846 potesse
548 759 707 827 rimovere
726 756 806 825 della
822 760 986 846 opinione,
1011 783 1105 828 come
1121 785 1214 828 senza
1236 760 1425 829 scandalizat
1440 784 1535 850 possa
1550 761 1638 830 diffe-

265 865 339 946 rire,
368 863 427 931 3133
454 886 510 952 per
533 865 615 932 virtt'a
643 863 723 931 della
746 865 975 932 commissione
1003 889 1070 933 non
1099 865 1219 934 s’habbi
1241 890 1258 933 a
1281 866 1456 955 procedere
1485 879 1517 935 et
1539 867 1585 936 far
1609 868 1638 936 31

265 991 427 1058 processo,
451 982 483 1037 et
505 969 684 1038 facilmente
707 969 750 1058 gli
774 970 959 1058 parerebbe‚
984 971 1068 1039 31310
1092 971 1169 1040 fussi
1191 972 1343 1041 mandato
1366 996 1423 1062 per
1445 973 1582 1041 ucellarli
1606 987 1637 1043 et

265 1075 466 1164 potrebbono
495 1075 698 1166 sdegnarsi«‚
726 1075 755 1143 13
782 1076 855 1167 qual
883 1100 958 1145 cosa
985 1101 1148 1167 cognosce
1171 1080 1212 1147 V.
1237 1079 1279 1162 3.,
1308 1091 1427 1169 quanto
1457 1101 1552 1167 possa
1579 1081 1637 1147 im-

263 1194 379 1270 portar.
425 1183 480 1249 Ma
501 1181 586 1251 s'ella
609 1182 739 1250 intende
755 1195 866 1273 queste
889 1182 996 1273 parole
1020 1196 1139 1275 quanto
1156 1184 1217 1252 allo
1243 1197 1329 1253 333330
1346 1184 1425 1253 della
1447 1188 1637 1269 sententia«,

265 1310 358 1356 come
382 1289 435 1377 piu
465 1287 678 1356 chiaramente
707 1289 733 1356 si
758 1289 969 1378 comprende,
1003 1289 1113 1358 ch'ella
1137 1291 1177 1358 ha
1199 1291 1310 1359 voluto
1338 1290 1502 1359 intendere
1531 1314 1587 1379 per
1610 1290 1638 1359 la

263 1393 381 1461 suade
404 1394 566 1476 XXVIII,
598 1393 626 1462 la
649 1395 739 1485 quale
762 1407 855 1483 porta
878 1395 898 1462 il
922 1395 1102 1485 dupplicato
1126 1395 1205 1465 della
1229 1396 1259 1465 di
1284 1398 1384 1480 XXI,
1413 1395 1442 1464 la
1463 1399 1528 1486 pud
1552 1422 1638 1465 esser

264 1518 357 1581 certa,
381 1499 440 1567 3133
463 1498 634 1567 observato
657 1513 776 1591 quanto
800 1500 828 1568 13
852 1503 896 1568 mi
920 1502 1031 1584 scrive,
1056 1521 1087 1570 et
1110 1502 1169 1570 che
1193 1504 1256 1570 mai
1279 1526 1346 1570 non
1373 1502 1637 1586 »intenderanno,

264 1604 335 1695 qual
362 1606 407 1672 sia
429 1605 585 1695 l’opinion
610 1607 690 1689 mia,
719 1606 807 1674 salvo
830 1607 958 1698 quando
987 1610 1058 1675 sard
1081 1607 1109 1676 al
1132 1622 1245 1697 punto,
1273 1632 1307 1676 se
1331 1633 1389 1699 put
1411 1608 1441 1677 la
1466 1611 1493 1677 si
1516 1613 1636 1678 verra«.

371 1728 463 1796 Vedo
491 1753 547 1818 per
570 1730 592 1797 il
613 1731 749 1799 scrivere
778 1730 810 1798 di
835 1732 874 1799 V.
898 1732 929 1799 S.
955 1734 1035 1799 circa
1058 1752 1169 1823 queste
1198 1735 1329 1801 materie
1353 1732 1384 1800 di
1409 1734 1524 1802 Cervia
1551 1747 1583 1802 et
1605 1733 1637 1801 di

264 1834 413 1903 Ravenna
437 1847 469 1903 et
491 1837 629 1904 maxime
660 1838 692 1904 in
716 1836 819 1927 quella
842 1836 881 1905 de
904 1838 957 1905 Ill.
982 1836 1010 1906 la
1033 1840 1183 1927 cagione,
1207 1839 1266 1907 che
1288 1838 1318 1906 13
1340 1863 1458 1908 muove
1484 1863 1526 1907 »a
1549 1863 1637 1909 com·

264 1942 424 2008 mettermi
448 1942 532 2010 31310
556 1942 635 2011 vada
663 1943 762 2026 lento,
792 1945 876 2011 ch'io
900 1967 968 2011 non
996 1956 1155 2033 prometta
1178 1956 1210 2013 et
1233 1946 1334 2033 prima
1360 1946 1484 2014 scrivaa
1510 1958 1581 2030 etc.,
1609 1946 1637 2013 al

263 2046 321 2114 che
343 2071 446 2136 penso
474 2046 691 2116 inclinaranno
715 2072 830 2117 ancora
858 2051 912 2137 pila
936 2049 1023 2139 dopo
1052 2070 1166 2141 questo
1190 2052 1287 2134 exito,
1316 2052 1374 2119 che
1398 2051 1437 2119 ha
1466 2051 1584 2120 havuto
1608 2052 1637 2119 la

264 2151 430 2220 obsidione
453 2151 485 2220 di
507 2153 636 2243 Napoli,
660 2166 691 2222 et
714 2156 803 2242 pensi
829 2156 868 2222 V.
893 2156 937 2238 8.,
961 2155 1020 2223 3133
1043 2167 1132 2224 tanto
1156 2157 1211 2245 piri
1239 2155 1380 2224 vandard
1404 2156 1579 2226 advertito«
1606 2168 1637 2225 et

263 2281 329 2327 non
352 2261 501 2327 mancard
525 2259 557 2327 di
581 2259 742 2348 diligentia
765 2284 859 2329 come
883 2260 997 2329 debbo.

368 2365 491 2448 Questa
515 2366 636 2433 Maesta
659 2366 703 2432 mi
727 2366 846 2434 mando
870 2366 909 2434 ad
933 2369 1094 2436 incontrar
1117 2369 1188 2436 sino
1212 2371 1244 2435 in
1268 2367 1399 2437 Orliens
1426 2369 1459 2436 lo
1483 2370 1635 2459 episcopo

264 2470 443 2539 Venciense
472 2489 503 2539 et
525 2495 591 2539 uno
616 2470 654 2539 de
682 2471 702 2539 11
726 2473 797 2540 suoi
825 2474 952 2541 maestri
975 2472 1015 2541 de
1039 2497 1123 2557 casa,
1153 2473 1181 2542 13
1204 2473 1286 2564 quali
1310 2475 1354 2541 mi
1378 2475 1485 2543 hanno
1509 2499 1635 2543 accom-

263 2588 400 2664 pagnato
424 2578 472 2645 sin
496 2578 560 2668 qui,
584 2577 667 2646 dove
684 2580 783 2645 entrai
806 2577 856 2646 alli
879 2580 979 2646 XIIII.
1004 2579 1113 2669 doppo
1129 2580 1150 2647 il
1170 2603 1279 2648 mezzo
1303 2582 1431 2669 giorno,
1455 2583 1634 2649 incontrato

263 2680 301 2749 da
316 2683 388 2750 tutti
411 2681 432 2750 li
453 2683 562 2770 prelati
586 2684 644 2751 3133
666 2685 693 2751 si
715 2696 890 2752 trovarono
912 2687 975 2775 qui,
1000 2698 1031 2754 et
1053 2684 1097 2753 fui
1120 2699 1372 2775 accompagnato
1396 2689 1467 2754 sino
1484 2686 1544 2755 allo
1561 2686 1636 2754 allo·

262 2789 425 2875 giamento
453 2813 546 2857 senza
574 2790 651 2858 altre
680 2791 879 2873 ceremonie,
912 2803 943 2858 33
971 2791 1002 2859 10
1032 2793 1128 2861 Rmo.
1152 2793 1274 2881 Legato
1304 2815 1360 2880 per
1388 2816 1444 2861 sua
1473 2793 1635 2861 humanitl

262 2893 350 2962 volse
373 2918 471 2962 ancor
494 2895 556 2984 egli
584 2897 791 2964 incontrarmi
819 2895 963 2964 33133331
995 2899 1184 2986 compagnia
1212 2899 1283 2966 sino
1312 2897 1373 2966 3110
1396 2898 1634 2988 allogiamento‚

262 2998 345 3068 dove
361 3004 513 3069 smontati
536 3003 758 3090 ragionammo
783 3002 822 3071 ad
837 3002 972 3093 longum
996 3004 1140 3087 insieme,
1165 3016 1197 3072 et
1212 3005 1287 3072 lette
1305 3004 1335 3073 le
1350 3004 1461 3073 lettere
1485 3003 1516 3072 di
1532 3002 1573 3072 V.
1591 3006 1634 3087 S„

262 3107 378 3194 perche
395 3106 414 3175 'l
438 3130 471 3176 re
495 3114 565 3175 era¹
589 3132 645 3196 pet
668 3110 783 3197 partire
806 3111 917 3198 hoggi,
941 3134 1035 3178 come
1059 3112 1085 3178 si
1108 3122 1195 3200 parte
1219 3111 1307 3194 hora,
1331 3110 1579 3180 concludemmo
1602 3111 1633 3179 di

263 3211 376 3281 havere
399 3212 557 3281 audientia
579 3214 646 3282 heri
671 3214 729 3283 3133
752 3214 784 3282 fu
808 3214 858 3283 alli
881 3217 966 3299 XV„
991 3235 1022 3284 et
1046 3219 1113 3284 cosl
1137 3217 1199 3284 Sua
1214 3217 1336 3285 Maesta
1359 3216 1478 3285 mando
1501 3216 1522 3285 il
1538 3219 1633 3287 Rmo.

261 3316 431 3386 Borbone²
454 3343 516 3387 con
541 3319 632 3388 molti
655 3320 723 3389 altri
751 3320 860 3409 prelati
884 3345 902 3389 a
925 3321 1069 3405 levarmi,
1098 3321 1125 3389 la
1148 3321 1219 3413 qual
1247 3345 1322 3393 cosa
1344 3321 1428 3406 1333,
1458 3324 1542 3391 31310
1566 3346 1632 3391 non

262 3426 349 3511 puoti
373 3425 488 3494 andare
512 3449 529 3493 a
551 3425 636 3495 levat
659 3426 691 3494 di
714 3449 783 3494 casa
813 3426 834 3493 il
857 3429 952 3497 Rmo.
977 3428 1109 3516 Legem,
1138 3430 1223 3497 com'
1247 3430 1279 3496 io
1304 3428 1402 3497 havea
1431 3441 1575 3518 pensato,
1603 3441 1635 3497 et

262 3544 465 3621 quantunque
494 3532 674 3600 havessimo
702 3551 890 3621 composto,
919 3533 978 3601 che
1006 3533 1038 3601 di
1068 3535 1257 3624 compagnia
1287 3547 1319 3602 33
1347 3535 1481 3602 insieme
1510 3535 1540 3602 ci
1569 3553 1634 3602 tro-

262 3638 399 3705 vassimo
427 3637 550 3717 eolre,
579 3640 687 3706 niente
710 3638 741 3706 di
766 3663 864 3707 meno
887 3640 1000 3727 giunse
1024 3638 1171 3731 alquanto
1196 3640 1294 3729 dopo,
1321 3644 1346 3707 sl
1370 3641 1429 3708 3133
1453 3640 1558 3730 digia
1581 3641 1634 3709 ha·

261 3765 342 3811 3330
365 3741 440 3811 satta
462 3743 490 3812 13
513 3757 665 3833 proposta
688 3746 761 3828 mia,
785 3768 902 3813 ancora
925 3745 1009 3813 ch'io
1025 3747 1186 3833 ricercassi
1209 3745 1240 3814 di
1263 3758 1410 3835 expectat
1426 3748 1457 3815 S.
1474 3748 1506 3815 S.
1522 3748 1633 3831 Rma.;

262 3871 313 3916 ma
339 3850 459 3918 ritirato
487 3849 525 3918 da
548 3851 580 3918 S.
603 3851 648 3917 M.
673 3874 691 3917 a
714 3869 775 3919 una
802 3850 939 3919 fenestra
968 3874 1061 3919 senza
1091 3850 1133 3919 lui
1162 3852 1346 3935 cominciai,
1375 3865 1407 3921 33
1429 3854 1461 3921 S.
1485 3853 1516 3921 S.
1540 3854 1632 3923 Rma.

262 3956 374 4039 arrivd,
399 3955 472 4023 ch'il
493 3978 527 4023 re
551 3979 619 4023 non
643 3955 742 4024 havea
764 3980 880 4025 ancora
904 3958 1097 4025 conrinciato
1120 3980 1137 4024 a
1161 3957 1365 4047 respondere.

365 4080 464 4169 Dopo
492 4080 520 4148 13
548 4079 735 4148 salutatione
766 4093 798 4149 et
826 4080 1048 4175 benedictione
1078 4082 1252 4170 apostolica
1282 4102 1313 4151 et
1341 4082 1553 4151 declaratione
1582 4081 1633 4150 del

262 4186 511 4273 propensissimo
535 4187 644 4254 animo
668 4185 699 4254 di
721 4188 763 4255 N.
788 4187 924 4276 Signore
947 4211 1041 4256 verso
1065 4188 1096 4255 S.
1121 4189 1166 4255 M.
1192 4201 1223 4256 et
1246 4212 1321 4257 cose
1344 4212 1416 4272 sue,
1444 4211 1506 4256 con
1530 4187 1632 4278 quelle

262 4289 383 4378 parole,
413 4292 472 4359 che
496 4293 540 4359 mi
566 4315 699 4381 parvero
723 4294 776 4382 pit't
799 4293 1058 4377 accommodate,
1088 4293 1348 4383 principalmente
1371 4293 1401 4361 le
1424 4295 1555 4384 proposi
1578 4294 1631 4362 dui

263 4398 364 4483 panti,
388 4421 406 4464 e
429 4396 450 4464 il
472 4398 578 4486 primo
600 4397 633 4465 fu
656 4398 696 4466 de
719 4397 748 4466 la
770 4421 847 4487 pace
869 4398 1055 4483 universale,
1079 4411 1111 4467 et
1133 4401 1249 4489 perche
1271 4400 1301 4469 13
1323 4402 1454 4469 materia
1477 4403 1495 4467 ὲ
1518 4399 1631 4488 ampla,

263 4503 305 4569 mi
329 4504 427 4570 extesi
449 4502 654 4592 lungamente
678 4503 929 4593 discorrendogli
952 4506 973 4573 li
996 4505 1071 4573 mali
1094 4504 1133 4573 de
1157 4517 1237 4574 tutta
1255 4506 1446 4574 christianitl
1469 4515 1501 4572 33
1524 4503 1630 4588 danni,

263 4607 320 4675 che
343 4610 368 4675 si
397 4621 535 4677 sentono
559 4609 598 4678 da
621 4610 649 4678 13
672 4633 786 4698 guerre
815 4630 846 4678 et
870 4611 930 4679 che
958 4635 1042 4679 sono
1065 4634 1121 4700 per
1145 4613 1269 4699 seguire
1297 4634 1364 4678 non
1392 4609 1528 4678 solone
1558 4609 1630 4677 beni

249 4712 427 4803 'temporali
450 4726 482 4782 33
506 4739 546 4783 ne
569 4714 590 4783 li
612 4717 694 4798 stati,
718 4738 770 4782 ma
793 4740 834 4784 ne
856 4716 886 4784 la
908 4715 971 4784 fide
994 4736 1026 4785 et
1049 4715 1203 4805 religione
1227 4738 1352 4797 ancora,
1379 4728 1410 4783 et
1432 4725 1550 4805 quanto
1574 4738 1631 4803 per

265 4820 378 4887 evitare
405 4821 484 4888 tanti
510 4812 711 4889 incommodi
737 4820 821 4890 fusse
845 4823 1035 4904 necessario,
1059 4823 1167 4891 venire
1196 4820 1253 4888 alla
1279 4842 1372 4909 pace,
1400 4832 1432 4888 et
1453 4820 1474 4887 li
1501 4818 1575 4887 beni
1599 4834 1630 4890 et

368 5021 378 5052 ¹
397 5012 449 5068 ’113
468 5012 566 5084 perche
584 5016 664 5069 n'era.
773 5023 783 5052 ²
801 5015 853 5072 Th.
872 5016 994 5070 Barboni.
