3820 5592
329 340 371 403 26
1529 354 1601 424 April
1625 355 1699 421 1528.

329 536 490 602 expressas
512 513 657 581 iuridicas
681 537 750 582 esse
777 511 816 581 ad
838 511 1036 581 reddendum
1059 513 1176 581 litteras
1205 514 1288 602 ipsas
1311 512 1556 602 dispensationis
1577 537 1701 604 surrep

328 621 411 688 titias
435 630 467 687 et
489 619 598 688 nullas.

433 727 554 794 Dicunt
577 727 674 809 enim,
697 725 783 816 quod
806 727 832 793 si
848 726 1003 794 Sanctitas
1019 727 1131 793 Vestra
1155 725 1254 794 semel
1271 726 1333 793 hoc
1357 727 1431 792 iuris
1454 748 1524 792 esse
1547 728 1700 809 statuerit,

329 856 396 900 non
421 851 530 900 curant
552 833 773 922 postmodum,
796 834 821 899 si
844 856 861 900 a
884 832 1122 922 quibuscunque
1145 830 1299 900 iudicibus
1323 830 1434 899 mundi
1457 855 1493 899 ac
1516 830 1701 900 doctoribus

329 939 522 1006 contrarium
538 951 716 1022 teneretur;
745 939 821 1028 quin
837 940 951 1021 immo,
975 940 1069 1006 etiam
1085 940 1111 1006 si
1127 962 1145 1005 a
1161 939 1314 1007 Romanis
1333 935 1550 1021 Pontificibus,
1567 938 1700 1006 Vestrae

328 1045 506 1113 Sanctitatis
534 1044 768 1114 successoribus
794 1044 877 1112 aliud
906 1043 1124 1128 declararetur,
1154 1063 1185 1111 et
1208 1043 1377 1113 declaratio
1407 1067 1463 1111 seu
1486 1045 1553 1111 eius
1581 1045 1613 1111 in
1638 1044 1701 1112 hoc

328 1150 403 1217 iuris
427 1149 649 1219 determinatio
673 1170 885 1234 revocaretur,
909 1149 1062 1233 dicentes,
1083 1149 1170 1240 quod
1186 1163 1284 1219 status
1308 1149 1387 1218 illius
1406 1151 1508 1238 regni,
1530 1163 1699 1240 postquam

327 1258 558 1346 acceptaverint
582 1256 624 1341 id,
648 1256 735 1347 quod
758 1259 838 1325 circa
861 1256 924 1325 hoc
948 1258 1102 1326 Sanctitas
1121 1257 1235 1325 Vestra
1259 1256 1378 1339 lecerit,
1402 1280 1469 1324 non
1493 1256 1645 1324 curabunt
1668 1267 1701 1323 et

327 1362 451 1451 prolem
475 1386 531 1452 per
546 1387 656 1452 regem
673 1362 905 1453 suscipiendam
930 1387 988 1452 pro
1004 1387 1080 1452 rege
1096 1362 1271 1431 adorabunt
1295 1375 1327 1431 et
1348 1363 1512 1446 tenebunt,
1536 1387 1596 1431 nec
1611 1386 1700 1430 scan-

328 1467 395 1536 dala
419 1481 569 1557 poterunt
586 1468 707 1560 (nasci)
730 1471 763 1538 in
789 1468 874 1538 dicto
897 1493 1000 1558 regno
1024 1471 1135 1558 vigore
1158 1470 1369 1538 successionis
1392 1471 1488 1558 ipsius
1511 1469 1595 1557 regis
1618 1470 1700 1536 inter

328 1575 475 1642 maritum
500 1573 596 1658 filiae,
625 1578 678 1665 qui
701 1588 810 1664 posset
837 1575 1060 1665 praetendere,
1087 1599 1224 1664 regnum
1247 1575 1287 1643 ad
1312 1600 1346 1644 se
1376 1587 1534 1664 spectare,
1562 1586 1595 1642 et
1616 1572 1700 1642 filios

328 1679 496 1764 masculos,
520 1705 601 1771 quos
624 1705 679 1749 rex
703 1683 770 1771 ipse
794 1706 832 1753 ex
855 1683 1062 1750 matrimonio
1086 1681 1306 1755 contrahendo
1330 1683 1514 1771 susceperit,
1539 1693 1570 1749 et
1593 1681 1638 1748 sic
1661 1704 1700 1748 ex

327 1786 376 1854 his
400 1786 549 1855 claudunt
571 1811 610 1855 os
634 1788 783 1856 omnibus
805 1788 985 1857 volentibus
1009 1787 1125 1878 aliquid
1147 1789 1181 1855 in
1205 1790 1399 1856 contrarium
1423 1788 1588 1876 allegare.

433 1894 517 1961 Dico
533 1893 615 1963 bene
630 1895 793 1963 Sanctitati
805 1895 949 1978 Vestrae,
973 1893 1061 1985 quod
1076 1892 1249 1962 Pontifices
1272 1895 1305 1963 in
1322 1917 1434 1963 eorum
1451 1892 1625 1962 canonibus
1647 1892 1701 1961 ali·

328 1997 402 2088 quid
419 2000 540 2069 nationi
563 2000 655 2068 huius
670 2003 772 2089 regni,
795 2002 820 2068 si
845 2000 926 2069 bene
942 2000 1105 2084 recordor,
1129 2013 1367 2085 concesserunt,
1391 2001 1479 2091 quod
1498 2001 1564 2069 aliis
1582 2000 1700 2069 Christi

328 2103 471 2174 fidelibus
494 2106 623 2174 aliamm
647 2109 815 2176 nationum
839 2131 907 2176 non
931 2120 978 2177 est
1002 2132 1204 2191 concessum,
1228 2132 1270 2176 ne
1292 2131 1373 2196 gens
1395 2107 1456 2190 illa,
1479 2105 1607 2197 quando
1630 2128 1701 2194 per·

326 2212 415 2279 venit
436 2210 476 2280 ad
491 2211 599 2296 fidem,
623 2213 799 2302 alligaretur
814 2213 1090 2303 prohibitionibus,
1113 2214 1226 2304 quibus
1241 2214 1292 2281 alii
1307 2213 1421 2302 alligati
1444 2212 1575 2282 fuerant.
1611 2213 1699 2280 Con·

328 2340 453 2385 cessum
477 2319 563 2386 enim
593 2320 637 2387 eis
665 2318 737 2402 suit,
765 2331 801 2388 ut
828 2321 861 2387 in
892 2332 1004 2410 quarto
1033 2321 1315 2409 consanguinitatis
1337 2319 1388 2388 vel
1415 2317 1573 2387 affinitatis
1600 2315 1699 2407 gradu

327 2425 395 2491 sine
427 2423 529 2514 aliqua
563 2424 798 2514 dispensatione
830 2428 1070 2494 matrimonium
1104 2428 1291 2496 contrahere
1324 2437 1465 2516 possent.
1515 2426 1612 2494 Nunc
1642 2449 1699 2495 rex

328 2528 421 2597 habet
444 2531 626 2620 scrupulum
648 2533 785 2601 retinere
808 2555 943 2602 uxorem
965 2532 1067 2602 fratris
1090 2535 1138 2601 sui
1162 2533 1311 2602 defuncti.

433 2636 531 2704 Volui
554 2636 641 2720 haec,
665 2661 745 2727 quae
768 2637 894 2707 fuerunt
918 2625 1088 2707 hincinde
1108 2638 1200 2721 dicta,
1223 2639 1386 2707 Sanctitati
1402 2639 1535 2705 Vestrae
1551 2637 1698 2721 scribere,

327 2743 400 2831 quia
427 2765 494 2809 non
524 2742 657 2811 intendo
686 2743 819 2833 amplius
850 2769 902 2812 me
930 2744 970 2813 de
1001 2745 1184 2814 huiusmodi
1214 2746 1444 2814 commissione
1475 2746 1697 2812 intromittere.

327 2847 446 2915 Placuit
469 2849 566 2932 enim,
589 2848 677 2939 quod
700 2849 749 2917 illa
772 2849 885 2934 forma,
908 2875 1002 2941 quam
1026 2851 1099 2920 dedi
1121 2852 1283 2920 Sanctitati
1310 2851 1453 2933 Vestrae,
1477 2852 1522 2918 eis
1545 2872 1613 2918 non
1636 2849 1699 2938 pla·

327 2954 437 3036 cuerit,
461 2966 492 3021 et
515 2966 549 3022 ut
567 2938 721 3024 Sanctitas
733 2956 847 3024 Vestra
869 2955 984 3040 videat,
1008 2957 1095 3048 quod
1112 2956 1215 3048 (non)
1232 2959 1300 3026 sine
1325 2958 1523 3047 inspectione
1545 2956 1699 3024 librorum

327 3061 516 3148 scripserim.
563 3060 684 3129 Omnia
700 3085 780 3151 quae
799 3063 880 3131 circa
897 3067 1067 3151 praemissa
1089 3087 1146 3153 per
1161 3088 1369 3154 quoscunque
1384 3065 1471 3132 viros
1494 3062 1698 3132 doctissimos

326 3163 420 3232 scribi
443 3176 475 3232 et
492 3164 605 3234 adduci
627 3180 793 3256 potemnt,
821 3167 946 3237 adduxi.
991 3171 1030 3238 Et
1054 3172 1188 3259 practica
1210 3195 1283 3239 cum
1306 3171 1447 3238 theorica
1476 3169 1571 3238 simul
1593 3171 1698 3237 iuncta

326 3269 498 3360 plurimum
521 3271 603 3340 valet
630 3286 662 3341 et
689 3275 788 3362 aperit
816 3273 928 3343 oculos
956 3274 995 3344 ad
1019 3275 1248 3345 consideranda
1277 3289 1307 3344 et
1330 3275 1516 3346 adducenda
1538 3298 1589 3358 ea,
1617 3298 1697 3365 quae

326 3378 384 3445 viri
407 3377 594 3462 doctissimi,
617 3379 722 3447 solum
745 3380 922 3449 theoricam
945 3381 1106 3465 habentes,
1129 3406 1196 3450 non
1219 3381 1387 3451 adducent.
1433 3383 1472 3450 Et
1494 3406 1511 3450 a
1534 3381 1698 3450 voluntate

326 3481 504 3554 Sanctitatis
520 3486 652 3554 Vestrae
675 3485 849 3575 dependet,
879 3487 1025 3556 exaudire
1048 3489 1098 3556 vel
1125 3512 1193 3556 non
1217 3487 1364 3557 exaudire
1391 3489 1475 3577 regis
1497 3489 1697 3577 petitionem,

327 3600 358 3657 et
386 3589 601 3674 considerare,
629 3592 705 3682 quid
728 3592 883 3682 expediat.
928 3595 1017 3662 Deus
1045 3596 1139 3684 igitur
1166 3595 1296 3684 inspiret
1323 3594 1528 3663 Sanctitatem
1548 3595 1697 3661 Vestram

326 3694 364 3762 ad
388 3694 420 3764 id
443 3695 633 3781 laciendum,
657 3698 744 3788 quod
768 3699 912 3789 expediat
936 3700 1086 3769 ecclesiae
1109 3725 1184 3769 suae
1207 3712 1343 3769 sanctae.

535 3838 605 3895 Lett.
624 3839 650 3893 di
667 3840 781 3912 Principi
801 3841 873 3897 XIV.
893 3841 910 3897 f.
932 3856 989 3912 147.
1027 3842 1078 3896 Die
1096 3842 1185 3914 Kopie
1203 3847 1274 3914 trigt
1291 3841 1384 3896 weder
1402 3842 1514 3908 Datum,
1539 3841 1610 3895 noch
1629 3839 1696 3895 Aul-

431 3925 497 3980 oder
515 3926 706 3993 Unterschrilt;
731 3928 802 3984 doch
824 3932 857 3985 ist
877 3947 906 3985 es
928 3932 1002 3985 nicht
1025 3932 1139 3998 schwer,
1163 3931 1219 3985 Zeit
1241 3930 1295 3985 und
1313 3930 1453 3985 Verfasser
1476 3930 1525 3984 mit
1547 3929 1697 3985 Sicherheit

431 4013 619 4072 lestzustellen.
656 4017 712 4071 Das
735 4017 843 4073 Referat
865 4019 900 4073 ist
923 4019 1039 4073 namlich
1063 4019 1109 4073 das
1135 4018 1308 4091 Gegenstr‘rclr
1331 4036 1363 4072 zu
1386 4017 1530 4074 Gardiners
1555 4018 1697 4073 Rerichteu

430 4120 484 4158 von
503 4103 576 4158 Mira
595 4104 649 4159 und
666 4105 822 4178 april1528
841 4108 907 4161 uber
925 4110 999 4162 seine
1018 4107 1072 4161 und
1090 4107 1154 4161 Fox‘
1172 4106 1300 4178 Sendung
1318 4107 1387 4161 nach
1400 4105 1513 4161 Orvieto
1532 4122 1631 4177 wegen
1650 4105 1697 4160 der

429 4190 635 4250 Delrretalbulle.
672 4194 776 4268 Strype,
800 4195 872 4251 Eccl.
897 4212 1011 4265 memor,
1032 4196 1052 4251 1.
1073 4211 1097 4250 2.
1121 4213 1146 4268 p.
1165 4194 1199 4250 66
1218 4212 1257 4268 sq.
1294 4194 1346 4249 Die
1364 4193 1696 4267 huseinandersetzungen

430 4279 547 4352 kntrplen
571 4281 683 4351 uberall,
709 4301 758 4338 nur
778 4283 905 4355 ungleich
930 4284 1039 4356 ruhiger
1061 4285 1115 4338 und
1137 4283 1292 4351 sachllcher,
1318 4302 1352 4338 an
1374 4283 1416 4338 die
1435 4282 1626 4354 Forderungen
1650 4283 1697 4338 der

431 4369 526 4423 beiden
545 4369 700 4426 Gesandten
722 4388 764 4427 an.
800 4372 857 4427 Das
876 4372 957 4427 Stuclr
980 4373 1036 4428 sallt
1055 4373 1112 4428 also
1131 4373 1235 4429 zeitlich
1259 4373 1308 4427 mit
1326 4372 1373 4427 der
1396 4381 1484 4427 ersten
1503 4370 1696 4445 Ausfertiguug

430 4458 477 4513 der
495 4458 765 4515 Kommissionsbulle
784 4477 847 4515 vom
870 4476 909 4531 13.
929 4461 1004 4533 April
1023 4463 1060 4532 (8.
1078 4462 1150 4534 Juni)
1173 4463 1239 4532 1528
1263 4478 1433 4528 zusammen;
1458 4459 1566 4516 versasst
1583 4479 1649 4534 mag
1667 4479 1696 4516 es

430 4555 514 4601 etwas
537 4553 626 4619 spater
648 4549 718 4616 sein,
741 4566 787 4603 um
809 4550 852 4603 bei
875 4548 927 4604 den
946 4550 1075 4605 weiteren
1099 4550 1433 4623 RemuhungenWolseys
1457 4550 1511 4604 und
1533 4551 1621 4604 seiner
1640 4550 1695 4606 Ge-

430 4635 542 4690 sandten
561 4653 606 4690 um
625 4635 668 4691 die
686 4637 883 4692 Delretalbulle
902 4637 964 4693 dem
977 4638 1074 4711 Papste
1092 4639 1145 4693 den
1163 4639 1252 4694 Stand'
1263 4639 1310 4693 der
1323 4638 1409 4711 Frage
1427 4638 1468 4692 ins
1481 4638 1645 4694 Gedichtnis
1663 4657 1695 4693 zu

430 4722 514 4778 rufen.
543 4722 682 4778 Verfasser
700 4724 734 4778 ist
752 4724 799 4779 der
812 4725 1056 4798 Grossponitentiar
1074 4726 1150 4781 Laur.
1169 4727 1257 4794 Pucci,
1276 4726 1402 4781 Kardinal
1420 4743 1474 4781 von
1493 4725 1566 4781 Santi
1582 4735 1694 4800 quattro,

429 4828 487 4866 was
506 4831 527 4867 z.
541 4812 570 4866 B.
590 4829 636 4866 aus
655 4812 702 4866 der
719 4813 893 4886 Erwahnung
911 4814 958 4869 des
971 4814 1325 4882 Kommissionsentwurfes,
1344 4813 1396 4869 den
1415 4814 1462 4869 der
1475 4812 1615 4869 Verfasser
1633 4814 1696 4870 dem

431 4899 528 4971 Papste
547 4900 696 4956 uberreicht
714 4901 791 4970 habe,
810 4919 856 4956 aus
875 4902 922 4957 der
940 4902 1149 4958 entschiedenen
1167 4904 1311 4974 Betonung
1328 4902 1376 4961 des
1394 4903 1694 4975 gegeuwirtigenVer·

431 4987 537 5044 sahrens
556 4989 583 5043 in
595 4989 707 5044 solchen
718 4990 836 5062 Diogen,
854 4991 974 5046 welches
992 5009 1046 5047 von
1060 4991 1123 5046 dem
1135 4991 1284 5047 Verfahreu
1301 4966 1407 5047 inbuet
1420 4992 1483 5060 Zeit,
1502 4991 1536 5046 da
1548 4991 1590 5046 die
1608 4992 1695 5048 kirch-
