3842 5592
271 376 337 435 1529
354 362 423 433 Juni.
1013 371 1020 383 ·
1576 344 1639 406 103

373 520 396 587 Il
419 522 572 589 tesoriere
596 520 626 589 di
650 533 760 610 questa
780 520 911 600 Maesta,
935 517 993 586 che
1010 519 1102 606 passo
1122 516 1150 586 al
1167 517 1415 585 Cristianissimo
1440 513 1490 583 col
1506 515 1586 584 duca
1608 514 1639 583 di

267 627 409 696 Soffolco
432 626 483 695 assi
498 627 555 709 IX,
579 626 681 716 fuqui
703 626 735 695 di
758 627 881 694 ritorno
905 648 1000 713 sopra
1023 623 1051 691 le
1070 624 1210 713 pratiche
1233 622 1263 691 di
1279 635 1390 712 questa
1411 644 1499 710 pace,
1523 621 1640 709 perche

267 732 372 823 aquei
395 732 590 815 ch'intendo,
614 734 740 801 instauo
764 732 823 800 che
846 732 871 799 si
895 731 1021 813 risolva,
1046 732 1145 820 etqui
1169 753 1236 797 non
1261 730 1288 797 ci
1313 726 1419 818 equel
1442 727 1557 811 calore,
1582 728 1640 797 che

267 839 419 928 potrebbe
443 863 538 922 esser,
563 852 594 908 et
616 841 697 907 vassi
720 861 738 906 a
761 840 827 906 mio
852 861 961 926 parere
984 836 1142 925 portando
1166 837 1292 903 innanzi
1315 859 1370 924 per
1393 834 1509 903 vedere
1533 833 1554 900 it
1576 833 1640 902 fine

268 945 432 1014 oahneuo
455 969 498 1013 un
514 945 600 1013 buon
626 944 774 1013 indirizzo
791 968 808 1012 a
824 956 933 1034 questa
957 967 1063 1027 causa3
1096 955 1128 1011 et
1143 954 1256 1032 questo
1273 943 1369 1011 Rmo.
1392 939 1422 1008 fa
1438 941 1515 1028 ogni
1532 963 1640 1029 opera,

266 1052 383 1140 perche
411 1053 436 1119 si
460 1049 615 1120 concludo
643 1074 705 1119 con
729 1052 864 1119 autorita
892 1049 923 1119 di
946 1050 987 1118 N.
1011 1050 1159 1138 Signore,
1188 1062 1220 1117 et
1243 1045 1263 1115 il
1287 1047 1536 1116 Cristianissimo
1566 1059 1597 1115 et
1619 1043 1640 1112 il

267 1183 326 1227 suo
350 1183 399 1242 re,
429 1182 485 1248 per
512 1171 631 1248 quanto
660 1159 704 1225 mi
732 1156 816 1241 dice,
845 1156 1032 1226 desiderano
1059 1157 1153 1239 assai,
1184 1156 1242 1224 che
1265 1156 1291 1223 si
1320 1153 1464 1223 conduca
1486 1178 1503 1222 a
1524 1166 1640 1244 questo

266 1278 394 1335 trattato
418 1267 449 1332 in
470 1265 629 1348 Cambrai,
653 1277 684 1333 et
707 1263 833 1348 dicenti,
858 1265 916 1333 che
939 1262 1085 1333 absoluto
1109 1264 1171 1331 hoc
1194 1263 1328 1351 negotio
1347 1261 1390 1351 gii
1413 1260 1586 1331 andaremo
1610 1261 1640 1330 di

268 1373 472 1461 compagnia,
502 1384 533 1440 et
560 1395 628 1439 non
656 1395 690 1438 se
714 1395 755 1439 ne
782 1372 954 1460 partiremo
978 1394 1013 1438 se
1037 1393 1103 1438 non
1136 1393 1197 1438 con
1222 1368 1435 1458 grandissimo
1460 1368 1586 1436 honore
1610 1381 1642 1437 et

267 1477 461 1547 satisfatione
484 1472 515 1545 di
532 1478 594 1546 Sua
610 1477 824 1562 Beatitudine3
855 1501 908 1546 ma
931 1476 962 1546 di
979 1489 1092 1566 questo
1109 1477 1150 1544 V.
1166 1475 1198 1544 S.
1223 1474 1302 1544 deve
1326 1474 1441 1544 havere
1456 1473 1641 1563 amplissimi

266 1583 405 1673 raguagli
428 1606 485 1673 per
508 1583 585 1653 altre
609 1585 671 1653 vie.

369 1709 406 1775 Li
425 1709 500 1776 avisi
524 1708 583 1776 che
607 1709 652 1776 mi
676 1708 715 1775 ha
738 1708 849 1777 scritto
873 1709 913 1775 V.
938 1707 981 1790 S,
1010 1709 1056 1775 mi
1078 1730 1162 1774 sono
1191 1708 1262 1775 stati
1284 1707 1469 1795 gratissimi,
1498 1718 1530 1774 et
1553 1729 1642 1773 com·

263 1814 480 1883 municaudoli
504 1839 566 1882 con
590 1813 619 1883 la
642 1815 763 1882 Maesti
791 1812 842 1882 del
871 1837 905 1882 re
934 1825 966 1881 et
994 1812 1045 1881 col
1073 1814 1169 1883 Rmo.
1197 1838 1239 1880 ne
1267 1814 1375 1881 hauno
1403 1812 1521 1882 havuto
1549 1835 1641 1902 gran-

263 1920 395 1989 dissimo
423 1923 566 2011 piacere;
598 1923 678 2010 perh
706 1919 735 1989 la
757 1943 859 2009 prego
888 1933 1063 1989 commetta
1086 1944 1103 1988 a
1127 1920 1196 2008 Sgr.
1222 1920 1331 1989 Cecco
1340 1924 1361 2003 ¹,
1393 1919 1451 1987 che
1475 1921 1507 1986 in
1532 1931 1642 2009 questa

263 2041 350 2116 parte
375 2026 511 2095 affatichi
535 2026 666 2117 qualche
689 2026 776 2095 volta
797 2025 826 2094 la
849 2050 965 2116 penna.

367 2152 406 2220 Et
434 2175 500 2219 non
530 2149 675 2219 havendo
705 2149 785 2219 altro
814 2151 858 2217 mi
887 2149 1135 2219 raccommando
1159 2173 1176 2217 a
1200 2150 1241 2218 V.
1266 2150 1309 2233 S,
1338 2149 1532 2240 pregandole
1555 2174 1573 2218 a
1595 2163 1641 2219 te·

262 2260 364 2326 nermi
395 2259 427 2325 in
451 2259 607 2325 memoria
631 2271 663 2325 et
685 2256 792 2325 buona
818 2258 918 2345 gratia
942 2256 971 2325 di
997 2257 1038 2325 N.
1063 2257 1215 2346 Signore,
1246 2256 1286 2325 de
1309 2255 1338 2324 la
1361 2258 1411 2325 cui
1434 2255 1533 2325 salute
1557 2278 1640 2323 sono

261 2364 494 2434 infinitamente
514 2362 655 2452 ⁴allegr03
689 2367 755 2432 cosi
778 2364 844 2431 Dio
867 2362 899 2431 lo
924 2365 1064 2452 preservi
1089 2377 1120 2433 et
1142 2363 1253 2452 guardi
1276 2365 1309 2431 in
1332 2363 1422 2433 felice
1445 2377 1539 2434 stato.

368 2489 411 2557 Di
435 2487 563 2558 Londra
586 2487 636 2557 alli
664 2492 701 2555 16
725 2487 757 2557 di
779 2489 902 2577 giugno
931 2508 1024 2574 1529.

366 2666 580 2756 Ragionando
605 2688 669 2734 con
692 2677 806 2755 questo
829 2665 925 2734 Rmo.
950 2664 989 2734 de
1012 2664 1042 2735 la
1064 2690 1140 2756 pace
1165 2679 1197 2736 et
1219 2665 1270 2735 del
1291 2667 1400 2736 venire
1425 2667 1457 2736 di
1481 2666 1543 2736 Sua
1567 2667 1629 2734 San

258 2772 314 2840 titt
336 2772 364 2840 al
387 2771 520 2861 luoghu,
548 2770 631 2840 dove
655 2773 680 2839 si
703 2770 822 2840 facesse
845 2784 1007 2840 convento
1030 2794 1086 2861 per
1110 2771 1261 2841 condurla
1290 2775 1334 2840 mi
1358 2773 1455 2857 disse,
1484 2774 1543 2843 che
1567 2774 1630 2842 Sua

259 2881 379 2949 Santita
401 2878 544 2948 secondo
567 2878 588 2946 li
610 2880 701 2961 avisi,
726 2877 784 2946 che
808 2878 927 2947 haveva
949 2877 988 2946 da
1011 2879 1154 2963 Francia,
1178 2903 1244 2947 non
1269 2882 1294 2948 si
1318 2880 1536 2967 condurebbe‚
1560 2905 1629 2972 per-

259 2987 317 3056 che
341 2985 526 3055 dimandava
549 2984 659 3054 alcune
683 2983 881 3068 condicioni,
909 2984 967 3053 che
991 2985 1111 3054 haveva
1133 2985 1184 3055 del
1206 2988 1317 3071 Dari0,
1341 3000 1374 3056 et
1395 3001 1443 3057 tra
1465 2988 1574 3074 l'altre,
1599 2988 1630 3058 di

258 3094 372 3162 havere
394 3116 452 3182 per
473 3093 630 3160 sicurezza
652 3115 707 3159 sna
731 3115 771 3159 ne
794 3090 823 3159 le
847 3092 933 3160 mani
957 3115 978 3159 o
1001 3092 1161 3182 Marsiglia
1184 3117 1205 3161 o
1228 3094 1359 3179 Roan03
1392 3097 1479 3164 etio
1503 3097 1628 3186 risposi,

259 3201 317 3269 che
341 3223 408 3268 nou
432 3200 477 3266 mi
500 3222 614 3287 pareva
628 3197 808 3282 verisimile,
833 3198 891 3267 che
907 3197 970 3266 Sua
985 3199 1105 3268 Santita
1127 3198 1325 3278 dimandasse
1348 3199 1432 3269 simil
1451 3224 1535 3285 cosa,
1559 3226 1629 3291 per·

260 3306 318 3375 che
342 3309 383 3373 ne
407 3304 457 3373 dal
480 3305 741 3387 Cristianissimo,
770 3307 812 3372 ue
835 3303 874 3372 da
898 3305 1015 3373 Cesare
1039 3305 1158 3375 haveva
1180 3304 1291 3374 alcuna
1314 3307 1511 3395 suspicione,
1543 3331 1636 3376 acco·

258 3411 418 3481 standomi
441 3434 459 3479 a
482 3409 599 3500 quello,
628 3410 687 3479 che
710 3411 751 3478 V.
775 3410 807 3478 S.
830 3409 908 3478 altre
930 3409 1017 3479 volte
1046 3413 1091 3478 mi
1114 3411 1153 3479 ha
1176 3412 1286 3479 scritto
1310 3411 1349 3480 de
1372 3412 1400 3480 la
1430 3412 1633 3497 confidentia,

260 3519 318 3587 che
342 3518 381 3586 ha
404 3517 467 3586 Sua
490 3515 687 3586 Beatitudine
710 3517 743 3583 in
759 3515 844 3585 l’una
866 3530 899 3586 et
921 3515 1019 3585 l’altra
1042 3516 1082 3585 de
1105 3515 1176 3585 loro
1193 3518 1323 3603 Maesti,
1348 3532 1379 3588 et
1395 3523 1462 3587 cosi
1486 3542 1633 3608 passamo

259 3623 349 3694 oltre.
389 3623 491 3692 Tutto
514 3646 571 3713 per
594 3621 714 3692 adviso.

364 3746 520 3816 Havendo
549 3749 684 3816 ritenuta
712 3759 822 3837 questa
848 3746 916 3815 fino
943 3746 972 3815 al
999 3748 1116 3836 giorno
1144 3761 1292 3837 presente
1320 3748 1454 3838 bisogna
1482 3750 1566 3819 ch'io
1589 3751 1633 3840 gli

257 3852 353 3922 faccia
369 3866 479 3943 questa
493 3856 613 3942 giunta
652 3854 730 3921 Non
746 3852 892 3922 obstante
915 3852 943 3920 la
959 3854 1023 3921 mia
1046 3852 1289 3942 indispositione
1306 3857 1323 3922 ὲ
1340 3869 1524 3924 convenuto
1548 3857 1632 3926 ch'io

257 3957 355 4027 faccia
376 3960 528 4047 portarmi
552 3971 661 4050 questa
684 3960 816 4027 matrina
844 3958 872 4027 al
894 3958 994 4048 luogo
1017 3958 1168 4048 deputato
1195 3983 1252 4048 per
1275 3972 1388 4029 nostro
1411 3960 1546 4030 tribuna]
1570 3987 1632 4032 con

258 4067 325 4133 mio
341 4065 553 4154 grandissimo
570 4064 806 4135 discommodo.
852 4066 947 4135 Dove
969 4066 996 4132 si
1013 4069 1030 4133 ὲ
1054 4065 1128 4136 satta
1149 4066 1179 4134 ia
1199 4065 1352 4136 relatione
1376 4066 1459 4136 dela
1482 4070 1631 4137 citatione

258 4172 289 4241 di
305 4173 406 4262 questi
422 4172 536 4240 Sermi.
560 4195 605 4255 re,
630 4184 661 4240 et
683 4171 848 4240 laSerma.
872 4174 1016 4261 reginae
1033 4195 1198 4261 comparsa
1221 4174 1253 4240 in
1270 4196 1407 4262 persona
1431 4186 1462 4242 et
1477 4173 1508 4243 di
1532 4174 1631 4243 bocca

258 4303 327 4361 sua,
356 4302 395 4346 ex
418 4279 536 4367 scripto
559 4280 649 4367 perd,
678 4278 717 4345 ha
739 4290 927 4368 protestato,
954 4278 1080 4367 perta]
1107 4282 1340 4369 comparitione
1369 4304 1438 4348 non
1464 4280 1630 4349 intendere

257 4384 288 4453 di
310 4383 504 4473 preiudicare
527 4383 566 4453 ad
580 4384 692 4453 alcuna
714 4408 770 4453 sua
792 4387 934 4473 ragione,
958 4390 1000 4453 ne
1016 4384 1047 4454 di
1070 4388 1234 4455 accettarci
1259 4388 1290 4454 in
1315 4385 1419 4469 iudici,
1443 4409 1537 4454 come
1560 4411 1629 4455 uon

257 4502 375 4559 accetta
398 4503 429 4559 et
451 4514 561 4559 recusa
584 4491 668 4560 iuxta
690 4489 827 4560 formam
844 4490 998 4560 exhibitae
1020 4494 1268 4581 protestationis,
1292 4490 1477 4581 appellando
1501 4504 1561 4560 etc.
1591 4517 1629 4561 ex

258 4598 357 4664 causis
386 4598 545 4665 contentis
574 4599 604 4665 in
634 4597 773 4666 exhibito
802 4599 1027 4682 instrumento
1056 4598 1086 4666 le
1113 4598 1196 4689 quali
1222 4597 1484 4689 principalmente
1512 4612 1628 4668 stanno

257 4726 293 4770 su
315 4703 344 4771 h
367 4704 547 4792 suspicione
570 4702 610 4772 de
633 4703 727 4773 iudici
754 4717 885 4794 propter
908 4703 1056 4773 adductas
1079 4707 1218 4773 rationes
1241 4704 1280 4773 ad
1303 4705 1508 4773 Sanctitatem
1531 4706 1627 4775 Suam

258 4931 482 5058 heimscflriffiecco
506 4952 564 4989 war
590 4933 637 4989 der
664 4934 787 4990 Sekretar
812 4952 845 4989 an
870 4934 917 4990 der
940 4934 1021 4989 Kurie
1047 4933 1089 4989 fur
1112 4935 1155 4989 die
1179 4934 1249 4988 Aus-
1274 4933 1327 4988 und
1351 4934 1491 5006 Einginge
1519 4936 1546 4990 in
1570 4936 1625 4991 Ge.
