3802 5606
253 344 378 418 Anhang.
1562 340 1626 404 253

254 508 381 577 fastiditi
404 508 436 577 di
459 521 578 599 questa,
602 509 661 579 che
684 533 751 579 non
776 512 801 578 si
824 514 927 600 potria
952 510 1104 594 crederlo,
1129 525 1160 580 et
1184 537 1250 581 non
1274 512 1346 582 solo
1367 514 1388 581 il
1411 537 1456 597 re,
1480 514 1626 583 Madama

255 629 286 685 et
308 617 379 684 tutti
403 614 424 682 li
446 613 619 704 principali,
642 615 729 684 salvo
753 616 866 701 alcuni,
891 619 950 686 che
965 618 1063 686 fanno
1086 618 1335 707 professionedi
1359 622 1492 709 capitani
1516 641 1547 689 et
1564 621 1626 689 sol-

254 720 316 789 dati
341 734 372 789 et
396 720 583 789 desiderano
607 724 772 811 acquistar‚
797 724 855 791 che
879 748 947 791 non
970 748 1053 791 sono
1078 727 1156 813 perd
1173 725 1275 807 molti,
1300 750 1352 793 ma
1374 728 1447 795 tutti
1470 725 1491 793 li
1514 727 1627 815 gentil-

255 828 400 895 huomini
424 848 455 895 et
477 827 586 918 populi
610 852 678 895 non
701 828 835 916 gridano
855 834 896 897 ne
920 829 1126 898 domandano
1150 830 1241 913 altr0,
1265 832 1324 899 che
1341 830 1369 899 la
1386 835 1624 921 recuperatione

254 932 305 1001 dei
327 931 460 1021 figliuoli
484 933 534 1001 del
557 957 591 1001 re
615 948 647 1002 et
668 933 697 1002 la
720 959 812 1023 pace,
843 948 875 1004 et
897 960 953 1027 per
981 949 1094 1027 questo
1119 936 1228 1005 effetto
1254 960 1320 1005 non
1351 938 1627 1026 perdonerienoa

255 1062 345 1127 spesa
367 1043 409 1106 ne
425 1063 443 1106 a
457 1039 549 1107 fatica
564 1039 683 1108 alcuna.
723 1041 776 1108 Ma
793 1039 916 1110 benche
931 1041 1069 1110 habbino
1086 1055 1199 1133 questo
1217 1042 1373 1111 desiderio
1389 1056 1479 1112 tanto
1496 1044 1627 1133 grande,

255 1167 322 1213 non
347 1149 365 1212 e
388 1144 427 1213 da
451 1144 582 1229 dubitat,
607 1147 666 1214 che
683 1148 832 1216 cerchino
852 1172 868 1216 a
892 1147 937 1216 far
961 1152 971 1216 i
993 1147 1049 1216 fini
1073 1148 1144 1217 loro
1169 1162 1200 1218 et
1215 1149 1324 1217 lasciar
1347 1150 1379 1216 in
1399 1150 1513 1238 praeda
1532 1151 1627 1234 ltalia,

256 1252 313 1320 che
339 1251 418 1320 oltre
442 1252 470 1320 al
493 1277 560 1321 non
585 1255 700 1322 havere
723 1254 849 1337 volut0,
879 1254 1039 1343 potendo,
1068 1255 1146 1323 farlo
1171 1257 1276 1324 insino
1300 1280 1317 1323 a
1340 1259 1408 1346 qui,
1438 1280 1627 1326 conoscono

256 1357 358 1426 molto
384 1357 481 1441 bene,
510 1360 568 1427 che
596 1359 764 1428 facendolo
793 1384 834 1429 ne
861 1361 1021 1430 resulteria
1048 1361 1134 1430 forse
1157 1385 1224 1429 uno
1253 1361 1363 1431 efferto
1392 1363 1423 1430 di
1451 1363 1593 1431 rihavere
1619 1365 1628 1429 i

256 1463 398 1551 figliuoli,
422 1489 474 1532 ma
497 1489 564 1533 non
589 1465 690 1534 l’altro
715 1466 793 1535 della
817 1491 905 1556 pace,
930 1468 1046 1556 perche
1074 1492 1264 1536 conoscono
1289 1482 1393 1551 certo,
1422 1469 1480 1537 che
1503 1469 1628 1558 l'Impe-

256 1583 360 1638 ratore
383 1570 546 1660 subiugata
569 1573 654 1641 Italia
676 1572 781 1641 subito
805 1575 831 1641 si
854 1573 986 1643 volteria
1014 1579 1074 1666 qua
1098 1588 1130 1643 et
1158 1574 1288 1643 barieno
1313 1576 1340 1643 la
1364 1598 1478 1663 guerra
1501 1578 1533 1643 in
1557 1599 1627 1644 casa

177 1754 179 1757 ¹
257 1690 288 1744 et
311 1700 379 1745 non
401 1677 540 1761 lontana,
565 1703 660 1747 corne
683 1681 790 1748 hanno
819 1679 942 1748 adesso.
990 1668 1015 1748 Ε
1043 1683 1238 1765 certissime,
1268 1681 1326 1750 che
1354 1705 1422 1749 non
1450 1682 1476 1749 si
1504 1704 1628 1749 curono

257 1782 288 1849 di
312 1786 465 1873 acquistar
489 1803 570 1854 stato
587 1785 701 1853 alcuno
725 1788 757 1853 in
780 1785 866 1855 Italia
890 1810 910 1853 0
935 1787 1066 1870 altrove,
1090 1811 1142 1855 ma
1159 1789 1266 1856 hanno
1283 1788 1354 1856 solo
1379 1789 1481 1877 questi
1496 1786 1553 1855 fini
1569 1788 1628 1856 che

258 1890 300 1955 ho
325 1887 423 1958 detto.

362 1996 398 2062 li
421 1995 571 2085 lnghilesi
599 1999 706 2066 hanno
736 2023 778 2066 un
806 1999 870 2066 fine
894 2000 1064 2088 principale
1088 1999 1118 2069 di
1143 1998 1287 2068 abbassar
1309 1999 1341 2067 lo
1365 2001 1577 2088 Imperatore,
1608 1999 1629 2067 il

257 2101 346 2189 quale
375 2125 449 2190 pare
477 2102 547 2171 loro
577 2117 693 2193 troppo
722 2103 857 2193 grande,
889 2119 921 2174 et
950 2130 1006 2195 per
1029 2117 1158 2196 questo,
1188 2106 1247 2174 che
1276 2129 1343 2173 non
1372 2105 1392 2173 li
1426 2107 1522 2173 stimi.
1569 2107 1628 2173 Per

257 2220 366 2295 questa
390 2232 481 2276 causa
505 2208 703 2294 desiderano,
728 2212 787 2279 clre
806 2210 928 2280 rendai
948 2211 1080 2300 figliuoli
1096 2212 1124 2279 al
1141 2212 1401 2294 Cristianissim0,
1426 2210 1533 2279 donde
1555 2235 1628 2300 pare

258 2312 316 2381 che
339 2312 484 2404 dependa
506 2339 585 2404 gran
601 2338 688 2406 parte
711 2317 791 2386 della
814 2342 869 2385 sua
887 2317 1070 2408 grandezza,
1095 2331 1126 2387 et
1149 2342 1217 2386 non
1240 2331 1336 2406 tenga
1359 2320 1391 2386 in
1408 2319 1494 2386 ltalia
1509 2341 1543 2386 se
1559 2342 1627 2386 non

257 2419 383 2508 Napoli,
408 2441 439 2490 er
462 2421 576 2490 stando
600 2422 628 2491 le
653 2447 729 2492 cose
752 2422 916 2493 bilanciate
940 2428 1016 2508 cosl,
1040 2447 1184 2513 pensano
1208 2448 1334 2513 sempre
1359 2447 1444 2493 esser
1468 2423 1573 2492 arbitri
1597 2424 1628 2492 di

257 2538 371 2615 questo
401 2530 529 2615 giuoco.
583 2530 702 2597 Hanno
734 2530 754 2596 il
785 2553 818 2598 re
852 2531 927 2599 etil
955 2530 1110 2599 cardinale
1139 2553 1265 2619 sempre
1294 2530 1492 2599 buonissimo
1521 2533 1629 2598 animo

258 2655 350 2699 verso
374 2633 416 2701 N.
441 2634 577 2722 Signore
591 2649 633 2713 ¹et
655 2636 683 2702 la
706 2635 788 2704 Sede
810 2637 1005 2725 Apostolica,
1031 2648 1061 2705 et
1084 2635 1187 2704 molto
1212 2634 1385 2704 desiderata
1409 2648 1441 2704 et
1463 2656 1629 2724 procurata

259 2737 285 2805 la
309 2762 364 2806 sua
387 2738 587 2825 liberatione;
624 2755 655 2810 et
683 2744 714 2809 in
739 2743 901 2831 Hispagna
925 2767 980 2831 per
1003 2742 1064 2811 tale
1089 2742 1198 2811 effetto
1222 2745 1293 2811 tutti
1317 2743 1338 2810 li
1366 2741 1437 2810 loro
1462 2742 1630 2810 ambascia-

258 2845 320 2912 tori
345 2845 453 2914 hanno
476 2847 554 2917 fatto
579 2872 676 2937 opere
697 2848 924 2932 efficacissime,
948 2873 1000 2917 ma
1023 2873 1118 2938 sopra
1140 2851 1213 2918 tutti
1231 2848 1274 2938 gli
1298 2849 1365 2917 altri
1388 2848 1534 2917 l’auditor
1550 2848 1629 2917 della

259 2951 404 3035 Camera,
428 2951 466 3020 da
490 2954 548 3022 che
572 2955 613 3021 N.
637 2955 773 3043 Signore
797 2979 864 3022 non
887 2957 990 3046 putria
1013 2957 1066 3044 piu
1089 2954 1277 3023 desiderare.

364 3059 422 3126 fra
445 3060 463 3126 il
482 3061 732 3129 Cristianissimo
752 3074 783 3129 et
799 3061 985 3150 lnghilterra
1009 3063 1113 3129 insino
1138 3086 1156 3128 a
1178 3063 1231 3151 qui
1256 3063 1281 3128 si
1304 3059 1385 3129 vede
1405 3085 1496 3129 amor
1512 3074 1542 3130 et
1559 3060 1631 3130 fede

259 3165 378 3251 grande
402 3181 434 3236 et
456 3167 571 3235 andare
595 3191 612 3235 a
641 3192 682 3235 un
713 3166 890 3236 medesimo
919 3170 1064 3250 camin0,
1093 3181 1125 3236 et
1153 3181 1283 3235 costoro
1312 3169 1338 3235 si
1367 3167 1513 3236 sforzano
1540 3180 1631 3236 tener

259 3272 332 3359 quel
354 3296 389 3341 re
413 3286 444 3341 et
467 3273 487 3340 il
511 3273 666 3342 cardinale
689 3272 864 3342 benissimo
887 3273 1029 3343 satisfatti
1053 3276 1086 3341 in
1110 3276 1187 3362 ogni
1212 3298 1296 3341 cosa.
1339 3261 1440 3341 Eben
1464 3297 1552 3356 ver0,
1570 3274 1628 3342 che

261 3376 287 3443 la
310 3377 456 3447 tardanza
479 3380 510 3448 di
531 3381 676 3469 Monsgr.
701 3380 874 3449 d'Autrech
898 3382 930 3447 in
948 3379 1138 3448 Lombardia
1160 3384 1177 3447 ὲ
1201 3380 1304 3449 molto
1328 3379 1509 3468 dispiaciuta
1525 3403 1543 3447 a
1558 3379 1630 3469 quel

259 3508 293 3550 re
318 3498 348 3553 et
371 3510 389 3553 a
411 3487 483 3577 quel
507 3488 613 3570 Rmo,
638 3501 670 3554 et
692 3511 733 3555 ne
756 3487 864 3554 lranno
888 3488 998 3555 scritto
1022 3490 1083 3576 qua
1106 3486 1215 3554 lettere
1239 3485 1342 3553 molto
1367 3485 1453 3553 calde
1482 3499 1513 3554 et
1537 3487 1631 3554 vehe-

260 3594 375 3675 menti,
404 3606 436 3661 et
463 3593 542 3661 infra
569 3595 597 3660 le
627 3594 702 3661 altre
730 3592 751 3659 il
774 3592 929 3662 cardinale
957 3616 998 3660 ne
1026 3593 1138 3660 scrisse
1167 3616 1229 3660 una
1256 3592 1305 3659 alli
1333 3592 1440 3679 giorni
1466 3593 1579 3680 passati
1603 3591 1630 3660 al

261 3697 444 3767 cancelliere
467 3699 634 3768 dolendosi
658 3699 770 3782 dilui,
799 3700 857 3767 che
880 3721 937 3788 per
960 3721 1027 3766 non
1056 3697 1206 3766 mandare
1234 3698 1254 3765 li
1285 3696 1392 3765 danari
1415 3697 1557 3766 initalia
1580 3721 1631 3765 era

261 3827 361 3887 causa,
386 3806 444 3873 che
463 3805 625 3874 l'Autrech
649 3824 829 3894 suprastava
853 3818 885 3873 et
908 3829 974 3873 non
998 3803 1117 3873 andava
1140 3804 1254 3887 avanti,
1279 3828 1372 3872 come
1396 3827 1449 3871 era
1473 3802 1630 3872 ordinatu.

365 3912 510 3999 Monsgr.
535 3912 696 4001 Staphileo
719 3911 805 3981 ando
828 3914 861 3979 in
885 3911 1071 3999 lnghilterra
1095 3911 1187 3979 molti
1210 3909 1241 3978 dl
1265 3934 1364 3993 sono,
1394 3911 1551 3978 chiamato
1582 3910 1632 3978 dal

261 4017 426 4100 cardinale,
449 4022 491 4085 ne
514 4042 627 4108 sapeva
651 4018 713 4106 egli
736 4042 757 4086 o
781 4018 861 4087 altro
885 4018 914 4086 la
937 4042 1043 4102 causa;
1068 4019 1093 4085 si
1117 4018 1232 4086 ritrahe
1255 4040 1344 4106 pure,
1368 4040 1453 4084 esser
1476 4040 1532 4106 per
1556 4040 1632 4084 con·

260 4124 354 4192 sultar
376 4148 444 4191 non
467 4148 505 4191 so
529 4126 587 4193 che
612 4149 685 4192 caso
710 4125 893 4213 particulare
918 4124 968 4192 del
991 4148 1035 4207 re,
1060 4123 1092 4192 di
1120 4124 1179 4192 che
1202 4122 1286 4192 forse
1311 4123 1331 4191 il
1354 4125 1576 4212 protonotario
1593 4122 1632 4191 da

261 4229 417 4298 Gambara
447 4231 520 4298 hara
542 4230 661 4320 parlato
686 4255 748 4299 con
771 4233 813 4300 N.
838 4231 983 4319 Signore.

366 4356 461 4438 Paris,
491 4379 515 4423 1.
540 4357 654 4442 januar
682 4359 773 4441 1528.

471 4549 500 4604 L.
520 4568 542 4608 c.
563 4568 587 4621 p.
609 4566 666 4618 145.
704 4540 776 4604 Uber
794 4550 954 4623 Staphyleus
973 4567 993 4604 s.
1013 4550 1084 4604 oben
1103 4549 1149 4603 Nr.
1167 4565 1207 4619 13.
1244 4548 1279 4602 Er
1297 4565 1354 4601 war
1373 4546 1484 4601 Bischol
1500 4565 1531 4602 au
1550 4546 1631 4601 Sebe-

365 4640 426 4692 nico
445 4640 494 4693 seir
513 4638 575 4692 dem
593 4640 673 4710 Jahre
689 4654 764 4708 1512,
783 4637 841 4692 liess
860 4640 917 4693 sich
936 4638 1006 4693 dann
1025 4638 1107 4692 durch
1126 4637 1254 4692 Clemens
1269 4636 1327 4691 Vll.
1346 4635 1392 4690 das
1412 4636 1513 4690 Bistum
1533 4635 1587 4689 Dol
1606 4637 1632 4689 in

365 4727 523 4782 Frankreich
537 4727 680 4793 verleihen,
700 4728 772 4782 ohne
784 4727 881 4798 jedoch
893 4729 920 4781 in
932 4727 1030 4781 dessen
1042 4727 1129 4781 Besitz
1141 4724 1276 4797 gelangen
1289 4742 1320 4779 zu
1334 4724 1450 4790 konnen,
1470 4724 1502 4778 da
1516 4723 1598 4778 Franz
1611 4724 1631 4780 Ι.

365 4817 419 4871 und
436 4817 550 4871 Kanzler
568 4816 612 4871 Du
624 4817 685 4871 Prat
704 4819 783 4871 einen
801 4816 901 4871 andern
920 4815 1094 4882 Kandidaten,
1114 4814 1196 4867 Franz
1214 4813 1247 4867 de
1265 4812 1354 4879 Laval,
1373 4812 1414 4866 fur
1433 4813 1485 4866 den
1502 4812 1632 4884 Sprengel

365 4907 501 4960 bestimmt
519 4906 620 4960 hatten.
657 4905 738 4960 Arclr.
752 4905 836 4959 Vatic.
856 4905 950 4959 Brevia
969 4904 1055 4959 Clem.
1070 4903 1128 4958 Vll.
1148 4919 1194 4974 per
1213 4900 1367 4956 Sadoletum
1392 4900 1410 4956 s.
1431 4916 1481 4955 222
1501 4900 1554 4955 und
1575 4917 1632 4971 317.

368 4995 478 5066 Wolsey
498 4995 581 5048 lernte
607 4994 652 5045 ihn
676 5011 719 5046 arn
739 4993 936 5047 franaosischen
956 4992 1025 5047 Hofe
1049 4992 1166 5055 lemen,
1192 4990 1244 5044 und
1262 5009 1333 5044 zwar
1356 5000 1443 5044 zuerst
1466 4990 1504 5044 als
1523 4990 1634 5061 Gegner
