3802 5606
276 256 339 318 206
1361 268 1427 325 Acta
1448 270 1648 329 consistorialia.

276 429 439 497 decretum
464 428 530 513 fuit,
554 430 641 520 quod
666 433 697 497 in
720 431 825 519 primo
845 431 1037 499 consistorio
1062 455 1177 498 omnes
1193 432 1259 499 RR.
1284 433 1347 499 mei
1372 432 1517 499 intersint
1540 447 1572 500 et
1595 432 1648 500 de-

275 536 346 604 beat
369 538 491 604 tractari
516 549 591 604 tunc
615 537 655 606 de
678 538 740 604 isto
764 540 897 625 negotio
922 550 953 605 et
976 561 1032 626 per
1055 550 1129 606 vota
1153 560 1266 606 eorum
1291 537 1428 620 decerni,
1453 538 1528 627 quid
1551 562 1646 627 agen·

275 641 351 710 durn
375 666 469 730 super
492 642 677 712 huiusmodi
699 644 864 732 petitione,
890 657 922 712 et
945 643 1092 712 concludi
1116 643 1156 712 de
1180 647 1391 733 responsione
1414 643 1515 712 danda
1538 645 1647 713 litteris

275 749 402 838 praelati
427 751 519 837 regis.
568 749 620 835 (B.
646 750 665 817 f.
692 749 805 840 285.)1

381 857 504 923 Romae
532 855 582 923 die
611 859 734 923 veneris
764 857 882 924 XXIII.
912 855 1088 925 decembris
1119 881 1131 924 1
1139 878 1154 943 5
1162 878 1202 944 30
1232 857 1289 926 fuit
1318 860 1447 926 consist.
1479 870 1646 926 secretum.

274 963 414 1029 Fuerunt
443 986 499 1050 per
526 963 656 1031 Rmum.
684 963 805 1030 Duum.
836 987 945 1031 meum
974 963 1014 1031 de
1042 964 1125 1032 Cibo
1149 964 1247 1031 lectae
1277 964 1397 1032 litterae
1421 964 1532 1031 Sernri.
1565 966 1647 1051 regis

274 1068 408 1156 Angliae
431 1067 567 1136 directae
584 1069 746 1136 Sanctmo
764 1070 804 1136 D.
822 1070 863 1137 N.
888 1069 945 1137 sub
969 1069 1039 1137 dara
1064 1093 1093 1157 7.
1112 1070 1178 1160 (6.)
1202 1072 1295 1138 huius
1318 1073 1437 1138 mensis
1461 1070 1646 1151 decembris,

274 1177 498 1264 conquerentis
531 1174 682 1257 multum,
710 1174 796 1265 quod
828 1199 895 1242 non
923 1179 1063 1264 potuerit
1090 1201 1106 1244 a
1136 1176 1306 1245 Sanctitate
1338 1177 1399 1244 Sua
1427 1176 1571 1245 obtinere
1600 1201 1646 1244 re·

274 1283 461 1349 missionem
486 1279 524 1348 ad
548 1301 651 1368 partes
681 1304 791 1349 causae
814 1284 966 1350 vertentis
990 1306 1084 1372 super
1107 1281 1317 1351 dissolutione
1348 1285 1542 1351 matrimonii
1567 1285 1647 1351 inter

274 1392 376 1478 ipsum
394 1388 552 1454 Sermum.
576 1411 687 1475 regem
710 1401 852 1456 actorem
876 1413 915 1456 ex
931 1378 994 1456 una
1017 1403 1047 1457 et
1064 1390 1218 1457 Sermam.
1243 1391 1386 1477 reginam
1403 1388 1536 1476 Angliae
1561 1413 1644 1457 ream

275 1520 312 1563 ex
336 1494 446 1576 altera,
475 1507 505 1561 et
529 1492 569 1561 de
593 1517 681 1561 novo
705 1495 812 1563 multis
842 1495 1015 1563 rationibus
1044 1498 1137 1584 petit,
1166 1497 1285 1564 remitti
1314 1495 1429 1563 dictam
1459 1519 1585 1563 causam
1607 1497 1646 1563 ad

274 1613 377 1690 partes
400 1598 465 1667 illas
489 1600 579 1687 regni
603 1600 746 1688 Angliae.
789 1601 914 1683 Quibus
939 1601 1026 1670 lectis
1050 1603 1127 1669 nihil
1151 1625 1244 1689 super
1267 1614 1381 1670 tenore
1405 1605 1541 1690 ipsarum
1567 1603 1646 1670 litte·

273 1730 376 1774 rarum
401 1705 459 1773 fuit
482 1705 674 1788 discussum,
705 1730 809 1795 neque
840 1705 909 1776 data
938 1720 1028 1790 vota,
1056 1706 1111 1775 sed
1140 1732 1196 1796 per
1224 1709 1420 1776 Sanctmum.
1450 1709 1490 1775 D.
1518 1708 1561 1776 N.
1589 1707 1645 1775 fuit

274 1812 404 1894 dictum,
428 1810 514 1901 quod
539 1814 569 1878 in
594 1811 704 1880 futuris
733 1814 930 1881 consistoriis
954 1815 1017 1881 hoc
1041 1815 1207 1902 negotium
1237 1812 1276 1881 de
1305 1813 1532 1902 respondendo
1560 1837 1646 1903 prae-

274 1918 342 1986 fatis
365 1919 476 1986 litteris
498 1931 681 1986 tractaretur
705 1943 778 1986 cum
802 1943 927 1987 summa
951 1920 1207 1989 consideratione
1232 1933 1263 1989 et
1287 1924 1493 1989 maturitate.²

378 2023 504 2092 Deinde
527 2048 584 2113 per
607 2025 810 2092 Sanctitatem
836 2026 932 2093 Suam
955 2026 1081 2094 fuerunt
1106 2028 1258 2116 exquisita
1280 2039 1354 2095 vota
1377 2051 1472 2116 super
1494 2028 1645 2095 relatione

274 2130 353 2199 facta
376 2153 432 2218 per
454 2130 492 2199 R.
517 2131 557 2197 D.
582 2130 713 2197 Paulum
737 2130 777 2198 de
802 2131 979 2219 Capisucco
1003 2135 1035 2199 in
1061 2133 1264 2215 consistorio,
1293 2132 1379 2222 quod
1403 2132 1460 2200 fuir
1483 2133 1534 2201 die
1557 2134 1645 2200 XIV.

274 2237 366 2304 huius
383 2237 502 2304 mensis
518 2234 557 2303 de
574 2260 665 2304 causa
681 2236 817 2324 praelata
834 2238 1059 2306 matrimoniali
1075 2239 1250 2327 Anglicana
1267 2241 1348 2307 inter
1364 2239 1520 2328 praefatos
1536 2262 1643 2327 regern

274 2357 305 2412 et
328 2343 481 2431 reginam,
505 2344 576 2431 quia
600 2356 821 2430 procuratores
844 2346 941 2433 ipsius
964 2347 1091 2433 reginae
1113 2345 1279 2428 instabant,
1303 2359 1339 2412 ut
1361 2346 1553 2413 inhiberetur
1576 2369 1645 2434 spe·

274 2450 391 2518 cialiter
414 2472 469 2537 per
491 2448 587 2516 breve
603 2449 781 2517 Sanctitatis
798 2450 879 2518 Suae
902 2452 1025 2539 primati
1050 2451 1289 2540 archiepiscopo
1306 2453 1525 2519 cantuariensi
1548 2453 1645 2539 ipsius

273 2557 363 2643 regni
380 2555 524 2642 Angliae‚
548 2554 635 2644 quod
651 2554 738 2622 nullo
755 2569 848 2645 pacto
872 2580 906 2624 se
923 2558 1116 2625 immisceret
1140 2557 1242 2626 dictae
1258 2581 1378 2640 causae,
1403 2582 1475 2625 cum
1495 2559 1535 2625 sit
1551 2557 1645 2645 appli-

188 2734 192 2739 ,
273 2674 339 2729 cata
363 2680 395 2729 et
415 2674 545 2729 avocata
566 2662 729 2729 Sanctitati
752 2662 833 2730 Suae
863 2675 893 2730 et
918 2686 1008 2730 sacro
1037 2666 1247 2746 consistori0;
1272 2687 1398 2731 necnon
1423 2664 1579 2732 instabant
1598 2687 1646 2731 re-

272 2767 365 2854 ginae
381 2766 520 2834 Sermae.
537 2780 768 2855 procuratores,
792 2768 880 2857 quod
903 2768 942 2836 de
967 2792 1054 2836 novo
1078 2793 1134 2858 per
1156 2770 1251 2837 breve
1271 2770 1449 2838 Sanctitatis
1465 2771 1546 2838 Suae
1569 2794 1645 2837 con-

273 2870 472 2940 firmarentur
496 2896 610 2940 omnes
633 2875 832 2962 provisiones
857 2887 889 2942 et
912 2875 1114 2943 inhibitiones
1139 2875 1290 2944 hactenus
1314 2878 1447 2943 nomine
1468 2876 1646 2944 Sanctitatis

273 2978 354 3045 Suae
377 2977 475 3044 factae
498 2978 642 3065 praelatis
659 2979 808 3046 omuibus
832 2978 907 3048 dicti
922 2983 1012 3068 regni
1036 3004 1091 3068 per
1107 2982 1144 3049 R.
1162 2982 1202 3048 D.
1223 2980 1382 3049 auditores
1399 2982 1510 3062 Rotae,
1534 2980 1645 3071 quibus

272 3081 466 3151 auditoribus
489 3082 545 3150 fuit
570 3087 789 3167 commissum,
813 3099 847 3153 ut
869 3086 1080 3174 procederent
1112 3090 1142 3154 in
1166 3089 1232 3176 ipsa
1256 3111 1348 3154 causa
1371 3087 1484 3155 audiris
1508 3087 1644 3176 partibus

273 3201 304 3257 et
327 3189 479 3257 referrent
503 3189 583 3257 Suae
608 3191 769 3258 Sanctitati
794 3205 825 3259 et
848 3215 939 3259 sacro
964 3195 1167 3261 consistorio.
1213 3192 1373 3261 Instabant
1399 3195 1491 3261 etiam
1517 3197 1644 3281 reginae

197 3305 200 3311 '
271 3295 447 3383 praedictae
470 3308 706 3383 procuratores,
735 3296 822 3385 quod
846 3297 1038 3366 inhiberetur
1069 3302 1136 3388 regi
1164 3299 1304 3389 praefato
1332 3301 1469 3383 Sermo,
1501 3324 1541 3367 ne
1570 3324 1642 3367 curn

272 3400 328 3468 alia
352 3402 483 3469 muliere
512 3415 542 3469 et
567 3404 732 3490 praecipue
761 3427 832 3470 cum
857 3404 992 3492 quadam
1016 3406 1098 3472 Dna.
1122 3409 1216 3474 Anna
1240 3406 1434 3475 cohabitaret
1466 3426 1497 3474 et
1520 3427 1644 3474 contra·

273 3508 361 3575 heret
389 3507 520 3575 durante
550 3531 640 3576 causa
670 3520 701 3575 et
724 3507 776 3576 lite
805 3509 979 3597 pendente,
1008 3514 1088 3578 etsi
1117 3512 1222 3579 forsan
1251 3513 1452 3580 contraheret
1476 3537 1549 3581 cum
1578 3515 1644 3601 ipsa

271 3616 365 3680 Anna
388 3613 437 3681 vel
466 3638 537 3682 cum
568 3614 669 3703 aliqua
696 3614 753 3681 alia
777 3615 918 3698 muliere,
947 3617 1034 3705 quod
1065 3620 1302 3686 matrimonium
1333 3633 1416 3688 esset
1444 3620 1580 3703 nullum,
1613 3633 1644 3688 et

271 3718 415 3786 similiter
444 3719 637 3787 inhiberetur
668 3719 785 3787 eodem
819 3720 919 3789 modo
952 3722 1054 3791 dictae
1083 3728 1195 3791 Annae
1228 3726 1403 3813 specialiter
1434 3740 1465 3793 et
1495 3725 1644 3793 omnibus

272 3823 453 3891 mulieribus
483 3844 553 3906 etc,
585 3838 616 3893 et
643 3839 717 3913 post
747 3826 845 3895 multa
873 3840 951 3895 voto
981 3829 1149 3897 Rmorum.
1181 3829 1239 3898 fuit
1269 3830 1474 3899 deliberatum
1507 3845 1538 3900 et
1568 3855 1644 3899 con-

272 3928 404 4010 clusum,
428 3928 515 4018 quod
539 3929 791 3999 concederentur
814 3956 869 4021 per
893 3932 998 4001 brevia
1016 3934 1097 4002 Suae
1113 3936 1291 4003 Sanctitatis
1316 3939 1424 4004 omnia
1440 3940 1546 4025 petita,
1570 3962 1641 4005 curn

272 4057 417 4102 consona
439 4035 507 4102 iuri.
555 4036 607 4124 (B.
632 4035 652 4102 f.
679 4036 792 4126 288.)⁸

377 4273 385 4301 ¹
405 4264 460 4318 Das
479 4265 691 4336 entsprecherde
710 4266 855 4321 Schreiben
874 4267 1013 4323 Heinrichs
1032 4288 1066 4324 an
1085 4269 1136 4324 den
1150 4272 1231 4343 Papst
1250 4271 1331 4326 selbst
1350 4271 1445 4326 datiert
1464 4272 1561 4328 bereits
1580 4290 1642 4327 vom

271 4351 295 4456 p.
309 4334 382 4406 April
398 4350 473 4404 1530.
511 4336 536 4388 S.
556 4335 626 4389 oben
645 4335 687 4390 die
699 4337 903 4411 Bemerlrungen
922 4358 953 4393 zu
973 4340 1074 4464 Nupss.
1112 4342 1141 4395 In
1159 4341 1206 4396 der
1218 4341 1376 4415 Fassungh
1394 4342 1411 4397 I.
1428 4359 1478 4415 ¹79
1496 4345 1529 4397 ist
1542 4344 1643 4414 gleich-

281 4404 338 4470 alls‚
363 4421 444 4459 wenn
469 4406 538 4460 auch
563 4424 611 4459 nur
636 4407 710 4474 lrurz,
730 4425 782 4462 von
802 4409 849 4463 der
874 4410 960 4464 Sache
984 4410 1024 4465 Re
1043 4428 1071 4475 e;
1099 4412 1146 4466 der
1171 4413 1331 4468 Protonotar
1354 4414 1451 4468 Casale
1476 4414 1543 4468 svird
1569 4413 1643 4469 dabei

271 4473 436 4600 l{ellpp'ensgs
455 4477 558 4600 {psalm
582 4487 712 4549 genannt,
737 4479 770 4532 da
789 4496 817 4532 er
835 4480 948 4534 Bischof
963 4498 1017 4535 von
1036 4481 1149 4535 Belluno
1167 4502 1231 4538 war.
1269 4485 1360 4556 Vergl.
1379 4485 1478 4551 Helue,
1504 4485 1591 4540 Briefe
1610 4503 1643 4538 an

297 4562 325 4598 ar
375 4588 389 4611 .,
419 4589 435 4617 Ι,
492 4591 497 4603 .

377 4623 388 4653 ²
405 4607 478 4671 Uber
502 4618 548 4671 das
572 4618 716 4673 Schreiben
739 4619 879 4674 Heinrichs
893 4621 963 4676 VIII.
983 4638 1047 4675 vom
1066 4621 1090 4676 6.
1110 4623 1260 4678 Dezember
1281 4641 1349 4694 1530
1372 4626 1425 4680 und
1448 4627 1490 4680 die
1509 4626 1641 4680 verschie-

271 4684 357 4739 denen
377 4686 514 4741 Entwtrrfe
533 4707 578 4742 zur
596 4689 808 4773 Beantwortung
826 4689 967 4745 desselben
985 4691 1069 4763 vergl.
1089 4694 1159 4748 oben
1178 4695 1204 4749 S.
1226 4696 1284 4766 169.

378 4757 431 4812 ³8.
451 4758 521 4812 oben
540 4759 587 4814 Nr.
607 4760 640 4842 98
660 4760 706 4814 das
724 4759 898 4814 Mourtorium
918 4778 981 4815 vom
1003 4777 1025 4831 5.
1043 4763 1141 4834 Januar
1155 4780 1230 4835 1531,
1250 4766 1368 4820 welches
1387 4767 1507 4838 offenbar
1525 4785 1572 4822 aus
1592 4769 1642 4823 den

272 4826 440 4899 Beratungen
463 4828 510 4882 des
529 4829 741 4884 Konsrstoriums
760 4848 824 4885 vom
848 4847 889 4902 23.
914 4832 1063 4887 Dezember
1086 4834 1329 4907 hervorgegangen
1352 4838 1393 4892 ist.
1430 4837 1503 4892 Uber
1526 4838 1569 4892 die
1591 4839 1641 4893 Be-

271 4896 426 4968 mt'rhungen
441 4897 588 4965 Heinrichs,
609 4900 651 4953 die
669 4901 755 4955 Sache
774 4919 827 4956 uon
846 4919 943 4957 neuem
962 4904 1029 4957 nach
1044 4904 1173 4974 England,
1193 4906 1246 4959 und
1266 4926 1336 4961 zwar
1356 4925 1404 4961 ror
1422 4908 1474 4962 den
1488 4909 1646 4964 Erebisehol
