3842 5580
255 340 315 396 1531
340 323 468 378 Ohtober.
1559 306 1621 370 185

251 484 325 566 fuit,
355 485 388 551 in
417 481 625 572 spiritualibus
654 502 685 551 et
713 483 940 572 temporalibus
973 509 1038 552 non
1068 485 1200 573 patiatur
1229 482 1471 565 detrimentum,
1506 480 1561 550 tibi
1591 493 1624 549 ut

251 593 362 680 vigore
385 592 597 679 praesentium
622 591 786 679 regiminis
810 603 840 659 et
864 590 1146 660 administrationis
1170 590 1271 659 dictae
1295 588 1445 658 ecclesiae
1469 612 1505 657 ac
1527 589 1624 677 ipsius

251 700 411 766 bonorum
434 697 673 786 possessionem
691 697 832 785 accipere
848 698 1011 786 ipsamque
1028 697 1193 765 ecclesiam
1216 698 1248 764 in
1273 695 1392 764 eisdem
1413 693 1623 784 spiritualibus

251 817 283 873 et
305 802 541 892 temporalibus,
566 827 634 871 non
649 815 755 871 autem
779 804 810 870 in
836 803 894 885 his,
919 815 1088 893 quaesunt
1112 802 1241 884 ordinis,
1266 825 1376 890 regere
1401 813 1433 870 et
1448 800 1624 889 gubernare

250 910 346 979 libere
370 930 401 977 et
424 908 506 978 licite
531 910 643 991 valeas,
666 910 852 977 auctoritate
874 908 1048 998 apostolica
1071 932 1126 998 per
1150 907 1278 977 easdem
1302 920 1483 996 praesentes
1508 929 1623 975 conce·

251 1017 354 1085 dimus
378 1029 410 1085 et
433 1014 652 1104 indulgemus3
681 1015 868 1084 mandantes
891 1039 998 1083 vener.
1026 1015 1112 1084 fratri
1139 1015 1379 1104 archiepiscopo
1403 1015 1623 1082 Cantuariensi

251 1144 282 1191 et
306 1122 426 1192 dilectis
453 1121 524 1189 filiis
553 1122 701 1211 capitulo,
730 1121 827 1204 clero,
858 1121 994 1190 vassallis
1029 1146 1065 1189 ac
1094 1122 1214 1211 populo
1246 1122 1378 1189 civitatis
1409 1132 1440 1188 et
1468 1119 1623 1188 dioecesis

251 1230 496 1311 Wiotoniensis,
520 1248 553 1297 ut
576 1249 609 1296 te
634 1230 665 1295 in
690 1230 877 1317 episcopum
901 1248 932 1295 et
956 1241 1116 1317 pastorem
1147 1240 1382 1317 recognoscant
1406 1239 1438 1295 et
1461 1228 1622 1315 recipiant,

251 1335 454 1405 adhortantes
471 1336 634 1403 Carnium.
659 1336 691 1401 in
711 1335 840 1403 Christo
864 1333 962 1403 filium
989 1347 1134 1403 nostrum
1158 1335 1333 1403 Henricunt
1357 1333 1490 1423 Angliae
1514 1357 1622 1422 regern

251 1440 326 1511 fidei
348 1441 562 1523 defensorem,
586 1461 620 1509 ut
642 1439 697 1509 tibi
723 1442 754 1508 in
777 1442 957 1529 praemissis
980 1440 1082 1508 faveat
1105 1453 1136 1509 et
1159 1442 1290 1509 assistat.
1325 1441 1404 1508 Non
1428 1438 1623 1506 obstantibus

251 1547 302 1615 bo.
327 1570 424 1614 mern.
449 1547 582 1615 Ottonis
607 1559 639 1615 et
662 1546 824 1614 Ottoboni
855 1546 932 1614 olim
960 1548 993 1613 in
1021 1570 1123 1634 regno
1147 1546 1281 1636 Angliae
1305 1546 1509 1635 Apostolicae
1533 1545 1623 1614 Sedis

251 1653 428 1742 legatorum
451 1677 487 1720 ac
509 1654 575 1720 aliis
599 1653 781 1743 apostolicis
804 1676 839 1720 ac
863 1654 895 1719 in
918 1651 1161 1740 provincialibus
1185 1664 1216 1722 et
1243 1652 1447 1744 synodalibus
1483 1650 1624 1721 conciliis

252 1759 427 1848 specialiter
450 1761 499 1827 vel
523 1759 712 1848 generaliter
737 1758 827 1827 editis
850 1759 974 1827 statutis
998 1772 1030 1827 et
1053 1759 1332 1828 constitutionibus
1356 1771 1415 1828 etc.

356 1885 474 1951 Datum
498 1885 633 1966 Romae,
657 1883 708 1952 die
732 1903 784 1970 23.
809 1881 962 1951 Octobris
990 1903 1081 1970 1531.
1127 1885 1226 1951 Anno
1251 1896 1376 1953 octavo.

1305 2041 1514 2132 Evangeh‘sta.

460 2221 554 2274 Brevia
579 2220 697 2276 CLVII.
722 2220 774 2275 vol.
796 2235 836 2290 51,
862 2239 886 2292 p.
908 2222 983 2293 1891.
1030 2221 1079 2275 Ein
1104 2221 1332 2293 entsprechendes
1357 2220 1502 2276 Schreiben
1527 2219 1623 2290 erging

355 2308 525 2380 gleichzeitig
543 2326 576 2362 an
595 2308 699 2364 Eduard
711 2308 766 2363 Lee
785 2308 825 2364 sur
844 2309 890 2363 das
908 2310 1058 2364 Erzbistum
1070 2310 1149 2364 York.
1186 2310 1238 2364 Die
1258 2310 1352 2364 beiden
1372 2326 1416 2363 am
1430 2308 1555 2363 Schlusse
1574 2322 1622 2377 ge-

354 2406 471 2451 nannten
492 2397 657 2470 papstlichen
676 2398 795 2468 Legaten
814 2398 873 2452 sind
891 2397 933 2451 die
952 2397 1093 2452 Kardinale
1109 2397 1176 2453 Otto
1195 2415 1248 2452 von
1267 2398 1305 2453 St.
1325 2397 1452 2452 Nikolaus
1471 2397 1497 2450 in
1517 2411 1622 2450 carcerc

355 2484 480 2540 Tulliano
499 2486 552 2540 und
571 2485 702 2541 Ottoboni
721 2503 775 2540 von
794 2486 831 2541 St.
851 2487 974 2553 Hadrian,
997 2485 1039 2540 die
1059 2485 1188 2540 wahrend
1206 2486 1253 2539 der
1271 2484 1449 2539 sturmischen
1468 2484 1623 2554 Regierung

355 2574 494 2628 Heinriehs
513 2574 559 2629 111.
578 2574 781 2645 (1216-1272)
801 2577 861 2629 eine
886 2576 947 2629 sehr
965 2584 1115 2647 gesegnete
1134 2574 1288 2645 Thatigkeit
1310 2575 1337 2627 in
1356 2571 1479 2644 England
1502 2570 1622 2626 entfaltet

355 2662 455 2719 hatten.

895 2860 978 2944 110.

381 3018 455 3101 Jac.
479 3015 637 3084 Salviati
659 3039 699 3084 an
724 3016 975 3107 Campeggio
1022 3019 1118 3100 Rom,
1143 3037 1195 3104 24.
1220 3016 1368 3086 Oktober
1396 3038 1488 3104 1531.

356 3175 489 3247 Fortgunp
507 3176 549 3229 des
568 3175 700 3245 Prozesses,
723 3178 757 3230 ἄα
775 3178 821 3230 ἄεν
839 3177 932 3230 Kaisar
951 3177 1004 3230 arad
1021 3178 1063 3230 die
1081 3177 1199 3248 Konigin
1218 3177 1365 3231 Kathurina
1388 3178 1490 3248 durans
1506 3175 1623 3239 besteheu,

251 3264 353 3317 obschou
376 3265 422 3317 der
441 3263 515 3335 Papst
539 3264 601 3317 noch
620 3266 711 3317 immer
730 3265 786 3318 Zeit
805 3267 942 3333 pecuinam
965 3265 1068 3329 mdcbte,
1092 3265 1245 3319 namentlich
1264 3268 1332 3335 jerat,
1357 3266 1391 3318 da
1410 3283 1471 3318 man
1494 3265 1559 3328 hort,
1582 3265 1624 3317 die

252 3351 426 3423 Leidenschast
448 3353 490 3406 aes
509 3351 608 3424 Kinigs
622 3353 674 3423 sair
694 3352 769 3406 Anna
789 3354 883 3424 Boleyu
905 3356 942 3407 sei
959 3371 1001 3406 um
1022 3354 1183 3407 Nachlassen.
1222 3353 1353 3407 Schreiben
1376 3354 1418 3406 des
1437 3353 1536 3423 Konigs
1560 3353 1624 3406 narb

252 3440 324 3505 Rom,
346 3443 402 3495 noll
419 3440 497 3495 Lobcs
511 3441 563 3511 far
581 3442 627 3495 das
645 3440 777 3496 Verbalten
795 3443 838 3495 der
855 3459 938 3513 rogen.
959 3441 1122 3507 Eximators,
1145 3444 1229 3496 noller
1248 3442 1349 3513 Klagen
1371 3460 1453 3513 gagen
1472 3441 1520 3494 den
1539 3440 1622 3511 Popst,

250 3530 295 3582 der
313 3531 402 3583 bereits
420 3547 455 3583 aa
473 3530 539 3583 diere
559 3528 668 3601 Sprache
683 3531 800 3601 gravabat
819 3532 859 3584 ist.
897 3530 1065 3603 Empsehlung
1076 3531 1128 3602 sair
1146 3532 1194 3584 den
1214 3532 1301 3585 Boron
1319 3548 1371 3585 von
1391 3530 1497 3600 Burgio.

356 3671 389 3738 Si
411 3669 551 3759 procede
573 3672 703 3739 tuttavia
731 3670 813 3739 nella
836 3694 928 3739 causa
951 3670 1181 3760 d'lnghilterra,
1205 3691 1237 3739 et
1261 3672 1375 3760 poich&
1405 3674 1471 3738 cosi
1494 3671 1582 3759 piace
1606 3693 1623 3737 a

251 3776 312 3844 Sua
340 3778 462 3845 Maesta
489 3777 625 3845 Cesarea
660 3791 692 3845 et
728 3777 785 3845 alla
814 3778 933 3846 Serma.
962 3780 1086 3866 regina,
1116 3779 1179 3845 Sua
1206 3777 1325 3846 Santita
1352 3777 1444 3845 lascia
1472 3775 1568 3843 andar
1595 3776 1623 3844 la

250 3884 366 3951 iustitia
388 3905 445 3972 per
467 3882 489 3949 il
512 3904 606 3950 corso
630 3906 707 3967 su0;
731 3906 809 3951 vero
835 3887 862 3967 ὲ,
887 3884 945 3951 che
968 3883 1008 3951 lei
1034 3889 1051 3951 ὲ
1074 3882 1154 3952 della
1177 3883 1351 3951 medesima
1375 3884 1539 3972 opinione,
1564 3884 1622 3950 che

250 3989 278 4056 la
300 4011 374 4057 vera
396 4011 470 4057 cura
493 3988 525 4056 di
548 4001 662 4077 questo
686 3989 768 4058 male
790 3988 875 4058 fusse
899 3990 919 4056 il
941 3988 1122 4077 guadagnar
1143 4002 1254 4078 tempo
1279 4001 1309 4057 et
1333 3990 1579 4056 maximamente
1596 3992 1623 4056 si

250 4118 326 4162 vero
350 4092 434 4162 fusse
457 4093 562 4184 quello
592 4096 651 4163 che
679 4094 710 4162 di
733 4096 865 4185 qualche
889 4097 1004 4184 luog0,
1035 4119 1102 4163 non
1131 4119 1168 4163 so
1199 4097 1277 4184 perb
1306 4107 1425 4185 quanto
1455 4094 1562 4183 degno
1591 4094 1622 4162 di

250 4199 331 4283 fede,
354 4200 526 4284 s'intende,
555 4202 614 4269 che
643 4201 744 4291 quella
767 4201 902 4291 Signora
925 4205 1020 4270 Anna
1043 4203 1201 4270 comincia
1224 4225 1241 4268 a
1265 4201 1403 4270 declinar
1430 4200 1502 4291 quel
1530 4213 1620 4269 tanto

250 4306 348 4390 favor,
373 4306 424 4374 nel
447 4306 519 4397 qual
543 4331 595 4375 era
618 4331 768 4397 appresso
793 4308 813 4375 il
836 4309 961 4377 Sermo
986 4333 1030 4376 re.

354 4400 518 4482 Evenuta
542 4437 604 4481 una
626 4413 736 4482 lettera
760 4413 811 4482 del
833 4414 958 4482 Sermo,
983 4413 1141 4503 d’Anglia,
1167 4414 1283 4483 directa
1307 4438 1324 4481 a
1347 4412 1453 4504 quello
1469 4412 1621 4502 Anglese,

250 4518 383 4607 rhegii
406 4542 572 4609 compasse
596 4543 691 4589 come
715 4544 782 4589 uno
806 4520 886 4589 della
910 4523 1020 4590 nation
1043 4545 1060 4589 a
1084 4521 1129 4589 far
1151 4544 1219 4589 non
1243 4544 1280 4588 so
1305 4520 1364 4588 che
1387 4520 1535 4608 protesti‚
1565 4543 1622 4609 per

250 4623 278 4691 la
300 4624 372 4714 qual
394 4624 504 4693 lettera
527 4625 558 4693 S.
575 4626 620 4693 M.
645 4625 736 4694 lauda
751 4639 782 4694 et
797 4649 937 4716 approva
952 4626 1056 4710 l'act0,
1081 4628 1140 4695 che
1157 4627 1239 4696 colui
1258 4626 1342 4711 fece3
1365 4649 1424 4715 pur
1441 4649 1508 4694 non
1525 4628 1621 4697 credo

250 4731 295 4796 sia
318 4753 392 4797 cosa
416 4730 524 4799 valida.
559 4733 681 4799 Inessa
703 4731 814 4800 lettera
836 4734 862 4799 si
884 4756 982 4822 prega
1005 4734 1046 4800 N.
1063 4733 1200 4822 Signore
1216 4757 1258 4800 un
1275 4755 1360 4820 poco
1375 4732 1620 4818 sinistramente,

251 4859 344 4903 come
368 4837 426 4904 che
450 4837 576 4906 decreta
599 4862 655 4905 sua
676 4837 754 4927 figat
777 4858 808 4905 et
824 4837 945 4928 refigat,
970 4851 1002 4908 et
1024 4840 1119 4907 simili
1134 4838 1253 4929 parole,
1277 4838 1335 4906 alle
1358 4837 1440 4927 quali
1463 4841 1542 4927 perd
1558 4840 1620 4909 Sua

250 4942 447 5011 Beatitudine
470 4943 510 5011 ha
532 4945 584 5032 gia
606 4945 777 5012 l’orecchie
799 4968 920 5013 avezze.
