<?xml version="1.0" encoding="UTF-8"?>
<!DOCTYPE html PUBLIC "-//W3C//DTD XHTML 1.0 Transitional//EN"
    "http://www.w3.org/TR/xhtml1/DTD/xhtml1-transitional.dtd">
<html xmlns="http://www.w3.org/1999/xhtml" xml:lang="en" lang="en">
 <head>
  <title>
</title>
<meta http-equiv="Content-Type" content="text/html;charset=utf-8" />
  <meta name='ocr-system' content='tesseract 3.04.00' />
  <meta name='ocr-capabilities' content='ocr_page ocr_carea ocr_par ocr_line ocrx_word'/>
</head>
<body>
  <div class='ocr_page' id='page_1' title='image "./rmischedokument01ehsegoog_0081.png"; bbox 0 0 3820 5592; ppageno 0'>
   <div class='ocr_carea' id='block_1_1' title="bbox 229 297 1592 387">
    <p class='ocr_par' dir='ltr' id='par_1_1' title="bbox 229 297 1592 387">
     <span class='ocr_line' id='line_1_1' title="bbox 229 297 1592 387; baseline -0.004 -18"><span class='ocrx_word' id='word_1_1' title='bbox 229 308 293 385; x_wconf 81' lang='lat'>1528</span> <span class='ocrx_word' id='word_1_2' title='bbox 312 307 394 387; x_wconf 80' lang='lat' dir='ltr'>April.</span> <span class='ocrx_word' id='word_1_3' title='bbox 1552 297 1592 363; x_wconf 71' lang='lat'>29</span> 
     </span>
    </p>
   </div>
   <div class='ocr_carea' id='block_1_2' title="bbox 225 468 1668 5023">
    <p class='ocr_par' dir='ltr' id='par_1_2' title="bbox 225 468 1668 5023">
     <span class='ocr_line' id='line_1_2' title="bbox 226 468 1595 561; baseline -0.001 -18"><span class='ocrx_word' id='word_1_4' title='bbox 226 475 393 544; x_wconf 87' lang='lat' dir='ltr'>Hiberniae</span> <span class='ocrx_word' id='word_1_5' title='bbox 422 498 495 543; x_wconf 88' lang='lat' dir='ltr'>cum</span> <span class='ocrx_word' id='word_1_6' title='bbox 524 475 682 542; x_wconf 88' lang='lat' dir='ltr'>carissima</span> <span class='ocrx_word' id='word_1_7' title='bbox 711 474 743 541; x_wconf 90' lang='lat' dir='ltr'>in</span> <span class='ocrx_word' id='word_1_8' title='bbox 768 472 897 541; x_wconf 85' lang='lat' dir='ltr'>Christo</span> <span class='ocrx_word' id='word_1_9' title='bbox 926 469 988 540; x_wconf 89' lang='lat' dir='ltr'>filia</span> <span class='ocrx_word' id='word_1_10' title='bbox 1015 483 1126 540; x_wconf 87' lang='lat' dir='ltr'>nostra</span> <span class='ocrx_word' id='word_1_11' title='bbox 1153 471 1323 541; x_wconf 89' lang='lat' dir='ltr'>Catherina</span> <span class='ocrx_word' id='word_1_12' title='bbox 1351 468 1475 561; x_wconf 82' lang='lat' dir='ltr'>regina,¹</span> <span class='ocrx_word' id='word_1_13' title='bbox 1504 473 1595 542; x_wconf 87' lang='lat' dir='ltr'>Sedis</span> 
     </span>
     <span class='ocr_line' id='line_1_3' title="bbox 225 578 1594 671; baseline -0.002 -21"><span class='ocrx_word' id='word_1_14' title='bbox 225 581 428 671; x_wconf 89' lang='lat' dir='ltr'>Apostolicae</span> <span class='ocrx_word' id='word_1_15' title='bbox 450 580 686 670; x_wconf 85' lang='lat' dir='ltr'>dispensatione</span> <span class='ocrx_word' id='word_1_16' title='bbox 701 593 875 670; x_wconf 87' lang='lat' dir='ltr'>praetensa,</span> <span class='ocrx_word' id='word_1_17' title='bbox 900 580 1093 646; x_wconf 84' lang='lat' dir='ltr'>contraxisse</span> <span class='ocrx_word' id='word_1_18' title='bbox 1110 591 1141 646; x_wconf 92' lang='lat' dir='ltr'>et</span> <span class='ocrx_word' id='word_1_19' title='bbox 1157 601 1362 648; x_wconf 86' lang='lat' dir='ltr'>consumasse</span> <span class='ocrx_word' id='word_1_20' title='bbox 1386 578 1594 667; x_wconf 86' lang='lat' dir='ltr'>dignoscitur,</span> 
     </span>
     <span class='ocr_line' id='line_1_4' title="bbox 226 685 1595 776; baseline -0.001 -21"><span class='ocrx_word' id='word_1_21' title='bbox 226 687 387 755; x_wconf 84' lang='lat' dir='ltr'>subortam</span> <span class='ocrx_word' id='word_1_22' title='bbox 403 711 503 776; x_wconf 88' lang='lat' dir='ltr'>nuper</span> <span class='ocrx_word' id='word_1_23' title='bbox 519 689 550 754; x_wconf 96' lang='lat' dir='ltr'>in</span> <span class='ocrx_word' id='word_1_24' title='bbox 568 685 705 776; x_wconf 88' lang='lat' dir='ltr'>partibus</span> <span class='ocrx_word' id='word_1_25' title='bbox 721 686 779 753; x_wconf 90' lang='lat' dir='ltr'>illis</span> <span class='ocrx_word' id='word_1_26' title='bbox 796 688 1027 775; x_wconf 88' lang='lat' dir='ltr'>quaestionem,</span> <span class='ocrx_word' id='word_1_27' title='bbox 1039 708 1119 774; x_wconf 91' lang='lat' dir='ltr'>quae</span> <span class='ocrx_word' id='word_1_28' title='bbox 1135 685 1207 753; x_wconf 91' lang='lat' dir='ltr'>licet</span> <span class='ocrx_word' id='word_1_29' title='bbox 1223 686 1256 751; x_wconf 90' lang='lat' dir='ltr'>in</span> <span class='ocrx_word' id='word_1_30' title='bbox 1271 685 1432 773; x_wconf 90' lang='lat' dir='ltr'>publicum</span> <span class='ocrx_word' id='word_1_31' title='bbox 1445 686 1595 754; x_wconf 88' lang='lat' dir='ltr'>ecclesiae</span> 
     </span>
     <span class='ocr_line' id='line_1_5' title="bbox 226 791 1596 882; baseline 0 -22"><span class='ocrx_word' id='word_1_32' title='bbox 226 793 375 861; x_wconf 90' lang='lat' dir='ltr'>iudicium</span> <span class='ocrx_word' id='word_1_33' title='bbox 398 792 533 862; x_wconf 88' lang='lat' dir='ltr'>deducta</span> <span class='ocrx_word' id='word_1_34' title='bbox 554 794 706 862; x_wconf 88' lang='lat' dir='ltr'>hactenus</span> <span class='ocrx_word' id='word_1_35' title='bbox 730 816 797 860; x_wconf 93' lang='lat' dir='ltr'>non</span> <span class='ocrx_word' id='word_1_36' title='bbox 820 791 923 873; x_wconf 86' lang='lat' dir='ltr'>fuerit,</span> <span class='ocrx_word' id='word_1_37' title='bbox 945 814 1056 859; x_wconf 90' lang='lat' dir='ltr'>causae</span> <span class='ocrx_word' id='word_1_38' title='bbox 1078 810 1185 859; x_wconf 89' lang='lat' dir='ltr'>tamen</span> <span class='ocrx_word' id='word_1_39' title='bbox 1209 804 1275 859; x_wconf 91' lang='lat' dir='ltr'>tam</span> <span class='ocrx_word' id='word_1_40' title='bbox 1298 794 1406 880; x_wconf 90' lang='lat' dir='ltr'>magni</span> <span class='ocrx_word' id='word_1_41' title='bbox 1430 795 1596 882; x_wconf 88' lang='lat' dir='ltr'>gravisque</span> 
     </span>
     <span class='ocr_line' id='line_1_6' title="bbox 226 896 1597 989; baseline 0 -22"><span class='ocrx_word' id='word_1_42' title='bbox 226 901 384 968; x_wconf 87' lang='lat' dir='ltr'>momenti</span> <span class='ocrx_word' id='word_1_43' title='bbox 407 902 524 983; x_wconf 88' lang='lat' dir='ltr'>exitus,</span> <span class='ocrx_word' id='word_1_44' title='bbox 546 899 693 968; x_wconf 89' lang='lat' dir='ltr'>videlicet</span> <span class='ocrx_word' id='word_1_45' title='bbox 716 922 811 989; x_wconf 92' lang='lat' dir='ltr'>quem</span> <span class='ocrx_word' id='word_1_46' title='bbox 841 898 956 966; x_wconf 91' lang='lat' dir='ltr'>iustitia</span> <span class='ocrx_word' id='word_1_47' title='bbox 985 916 1015 965; x_wconf 94' lang='lat' dir='ltr'>et</span> <span class='ocrx_word' id='word_1_48' title='bbox 1038 897 1177 987; x_wconf 89' lang='lat' dir='ltr'>aequitas</span> <span class='ocrx_word' id='word_1_49' title='bbox 1206 896 1342 981; x_wconf 89' lang='lat' dir='ltr'>dederit,</span> <span class='ocrx_word' id='word_1_50' title='bbox 1375 900 1499 966; x_wconf 89' lang='lat' dir='ltr'>animos</span> <span class='ocrx_word' id='word_1_51' title='bbox 1527 901 1597 967; x_wconf 88' lang='lat' dir='ltr'>istic</span> 
     </span>
     <span class='ocr_line' id='line_1_7' title="bbox 226 1001 1597 1096; baseline 0.001 -23"><span class='ocrx_word' id='word_1_52' title='bbox 226 1029 341 1073; x_wconf 92' lang='lat' dir='ltr'>omnes</span> <span class='ocrx_word' id='word_1_53' title='bbox 363 1009 408 1074; x_wconf 90' lang='lat' dir='ltr'>sic</span> <span class='ocrx_word' id='word_1_54' title='bbox 427 1006 520 1075; x_wconf 90' lang='lat' dir='ltr'>habet</span> <span class='ocrx_word' id='word_1_55' title='bbox 542 1029 725 1096; x_wconf 90' lang='lat' dir='ltr'>suspensos,</span> <span class='ocrx_word' id='word_1_56' title='bbox 749 1024 783 1072; x_wconf 91' lang='lat' dir='ltr'>ut</span> <span class='ocrx_word' id='word_1_57' title='bbox 800 1004 936 1072; x_wconf 88' lang='lat' dir='ltr'>celerem</span> <span class='ocrx_word' id='word_1_58' title='bbox 958 1027 994 1071; x_wconf 91' lang='lat' dir='ltr'>ac</span> <span class='ocrx_word' id='word_1_59' title='bbox 1017 1014 1173 1070; x_wconf 90' lang='lat' dir='ltr'>maturam</span> <span class='ocrx_word' id='word_1_60' title='bbox 1196 1001 1421 1072; x_wconf 87' lang='lat' dir='ltr'>diffinitionem</span> <span class='ocrx_word' id='word_1_61' title='bbox 1451 1006 1597 1095; x_wconf 90' lang='lat' dir='ltr'>requirat,</span> 
     </span>
     <span class='ocr_line' id='line_1_8' title="bbox 226 1109 1598 1200; baseline -0.001 -20"><span class='ocrx_word' id='word_1_62' title='bbox 226 1135 294 1180; x_wconf 94' lang='lat' dir='ltr'>non</span> <span class='ocrx_word' id='word_1_63' title='bbox 316 1114 384 1180; x_wconf 92' lang='lat' dir='ltr'>sine</span> <span class='ocrx_word' id='word_1_64' title='bbox 407 1113 548 1180; x_wconf 86' lang='lat' dir='ltr'>maximo</span> <span class='ocrx_word' id='word_1_65' title='bbox 572 1110 754 1180; x_wconf 89' lang='lat' dir='ltr'>discrimine</span> <span class='ocrx_word' id='word_1_66' title='bbox 777 1109 1005 1200; x_wconf 84' lang='lat' dir='ltr'>protelandam.</span> <span class='ocrx_word' id='word_1_67' title='bbox 1053 1110 1138 1178; x_wconf 90' lang='lat' dir='ltr'>Cum</span> <span class='ocrx_word' id='word_1_68' title='bbox 1157 1110 1261 1199; x_wconf 90' lang='lat' dir='ltr'>itaque</span> <span class='ocrx_word' id='word_1_69' title='bbox 1284 1133 1356 1192; x_wconf 91' lang='lat' dir='ltr'>nos,</span> <span class='ocrx_word' id='word_1_70' title='bbox 1387 1134 1467 1200; x_wconf 92' lang='lat' dir='ltr'>quos</span> <span class='ocrx_word' id='word_1_71' title='bbox 1491 1111 1530 1179; x_wconf 90' lang='lat' dir='ltr'>ad</span> <span class='ocrx_word' id='word_1_72' title='bbox 1552 1114 1598 1180; x_wconf 93' lang='lat' dir='ltr'>iu-</span> 
     </span>
     <span class='ocr_line' id='line_1_9' title="bbox 226 1214 1599 1305; baseline -0.001 -19"><span class='ocrx_word' id='word_1_73' title='bbox 226 1220 343 1286; x_wconf 88' lang='lat' dir='ltr'>stitiam</span> <span class='ocrx_word' id='word_1_74' title='bbox 366 1221 398 1285; x_wconf 94' lang='lat' dir='ltr'>in</span> <span class='ocrx_word' id='word_1_75' title='bbox 421 1217 538 1286; x_wconf 91' lang='lat' dir='ltr'>iudicio</span> <span class='ocrx_word' id='word_1_76' title='bbox 563 1231 594 1286; x_wconf 92' lang='lat' dir='ltr'>et</span> <span class='ocrx_word' id='word_1_77' title='bbox 615 1219 746 1286; x_wconf 90' lang='lat' dir='ltr'>veritate</span> <span class='ocrx_word' id='word_1_78' title='bbox 770 1216 919 1285; x_wconf 91' lang='lat' dir='ltr'>omnibus</span> <span class='ocrx_word' id='word_1_79' title='bbox 941 1238 1040 1305; x_wconf 91' lang='lat' dir='ltr'>aeque</span> <span class='ocrx_word' id='word_1_80' title='bbox 1063 1214 1363 1283; x_wconf 90' lang='lat' dir='ltr'>subministrandam</span> <span class='ocrx_word' id='word_1_81' title='bbox 1385 1239 1512 1285; x_wconf 90' lang='lat' dir='ltr'>servum</span> <span class='ocrx_word' id='word_1_82' title='bbox 1535 1241 1599 1285; x_wconf 89' lang='lat' dir='ltr'>ser·</span> 
     </span>
     <span class='ocr_line' id='line_1_10' title="bbox 227 1323 1599 1411; baseline -0.001 -18"><span class='ocrx_word' id='word_1_83' title='bbox 227 1348 341 1393; x_wconf 89' lang='lat' dir='ltr'>vorum</span> <span class='ocrx_word' id='word_1_84' title='bbox 364 1325 454 1392; x_wconf 90' lang='lat' dir='ltr'>Deus</span> <span class='ocrx_word' id='word_1_85' title='bbox 477 1325 656 1408; x_wconf 89' lang='lat' dir='ltr'>constituit,</span> <span class='ocrx_word' id='word_1_86' title='bbox 680 1323 753 1392; x_wconf 87' lang='lat' dir='ltr'>facti</span> <span class='ocrx_word' id='word_1_87' title='bbox 775 1325 941 1392; x_wconf 89' lang='lat' dir='ltr'>veritatem</span> <span class='ocrx_word' id='word_1_88' title='bbox 964 1345 1020 1411; x_wconf 90' lang='lat' dir='ltr'>per</span> <span class='ocrx_word' id='word_1_89' title='bbox 1043 1345 1104 1389; x_wconf 92' lang='lat' dir='ltr'>nos</span> <span class='ocrx_word' id='word_1_90' title='bbox 1128 1323 1214 1410; x_wconf 91' lang='lat' dir='ltr'>ipsos</span> <span class='ocrx_word' id='word_1_91' title='bbox 1237 1323 1396 1411; x_wconf 90' lang='lat' dir='ltr'>inquirere</span> <span class='ocrx_word' id='word_1_92' title='bbox 1419 1343 1450 1392; x_wconf 90' lang='lat' dir='ltr'>et</span> <span class='ocrx_word' id='word_1_93' title='bbox 1473 1348 1599 1392; x_wconf 89' lang='lat' dir='ltr'>causam</span> 
     </span>
     <span class='ocr_line' id='line_1_11' title="bbox 228 1428 1600 1519; baseline 0.001 -21"><span class='ocrx_word' id='word_1_94' title='bbox 228 1431 307 1499; x_wconf 88' lang='lat' dir='ltr'>hanc</span> <span class='ocrx_word' id='word_1_95' title='bbox 332 1433 511 1500; x_wconf 84' lang='lat' dir='ltr'>examinare</span> <span class='ocrx_word' id='word_1_96' title='bbox 539 1455 606 1499; x_wconf 96' lang='lat' dir='ltr'>non</span> <span class='ocrx_word' id='word_1_97' title='bbox 630 1430 805 1513; x_wconf 89' lang='lat' dir='ltr'>valeamus,</span> <span class='ocrx_word' id='word_1_98' title='bbox 830 1428 1067 1497; x_wconf 84' lang='lat' dir='ltr'>considerantes</span> <span class='ocrx_word' id='word_1_99' title='bbox 1090 1441 1265 1517; x_wconf 90' lang='lat' dir='ltr'>praeterea,</span> <span class='ocrx_word' id='word_1_100' title='bbox 1294 1429 1381 1519; x_wconf 94' lang='lat' dir='ltr'>quod</span> <span class='ocrx_word' id='word_1_101' title='bbox 1404 1430 1537 1514; x_wconf 85' lang='lat' dir='ltr'>factum,</span> <span class='ocrx_word' id='word_1_102' title='bbox 1561 1456 1600 1500; x_wconf 89' lang='lat' dir='ltr'>ex</span> 
     </span>
     <span class='ocr_line' id='line_1_12' title="bbox 228 1534 1601 1627; baseline 0 -22"><span class='ocrx_word' id='word_1_103' title='bbox 228 1561 292 1627; x_wconf 94' lang='lat' dir='ltr'>quo</span> <span class='ocrx_word' id='word_1_104' title='bbox 316 1538 363 1605; x_wconf 90' lang='lat' dir='ltr'>ius</span> <span class='ocrx_word' id='word_1_105' title='bbox 382 1539 492 1622; x_wconf 91' lang='lat' dir='ltr'>oritur,</span> <span class='ocrx_word' id='word_1_106' title='bbox 515 1538 577 1605; x_wconf 92' lang='lat' dir='ltr'>illic</span> <span class='ocrx_word' id='word_1_107' title='bbox 600 1539 714 1607; x_wconf 89' lang='lat' dir='ltr'>certius</span> <span class='ocrx_word' id='word_1_108' title='bbox 737 1560 833 1626; x_wconf 90' lang='lat' dir='ltr'>quam</span> <span class='ocrx_word' id='word_1_109' title='bbox 855 1535 917 1618; x_wconf 87' lang='lat' dir='ltr'>hic,</span> <span class='ocrx_word' id='word_1_110' title='bbox 941 1554 1010 1603; x_wconf 91' lang='lat' dir='ltr'>tum</span> <span class='ocrx_word' id='word_1_111' title='bbox 1026 1536 1120 1603; x_wconf 90' lang='lat' dir='ltr'>etiam</span> <span class='ocrx_word' id='word_1_112' title='bbox 1144 1536 1235 1604; x_wconf 87' lang='lat' dir='ltr'>citius</span> <span class='ocrx_word' id='word_1_113' title='bbox 1259 1534 1496 1626; x_wconf 84' lang='lat' dir='ltr'>expeditiusque</span> <span class='ocrx_word' id='word_1_114' title='bbox 1524 1561 1601 1626; x_wconf 90' lang='lat' dir='ltr'>cog-</span> 
     </span>
     <span class='ocr_line' id='line_1_13' title="bbox 228 1641 1600 1733; baseline 0.001 -22"><span class='ocrx_word' id='word_1_115' title='bbox 228 1645 318 1712; x_wconf 89' lang='lat' dir='ltr'>nosci</span> <span class='ocrx_word' id='word_1_116' title='bbox 347 1645 479 1733; x_wconf 88' lang='lat' dir='ltr'>poterit,</span> <span class='ocrx_word' id='word_1_117' title='bbox 511 1646 751 1733; x_wconf 88' lang='lat' dir='ltr'>cupientesque,</span> <span class='ocrx_word' id='word_1_118' title='bbox 781 1643 966 1732; x_wconf 88' lang='lat' dir='ltr'>praesertim</span> <span class='ocrx_word' id='word_1_119' title='bbox 996 1643 1029 1709; x_wconf 96' lang='lat' dir='ltr'>in</span> <span class='ocrx_word' id='word_1_120' title='bbox 1059 1664 1161 1729; x_wconf 89' lang='lat' dir='ltr'>regno</span> <span class='ocrx_word' id='word_1_121' title='bbox 1191 1641 1261 1725; x_wconf 90' lang='lat' dir='ltr'>illo,</span> <span class='ocrx_word' id='word_1_122' title='bbox 1292 1642 1367 1711; x_wconf 89' lang='lat' dir='ltr'>Sedi</span> <span class='ocrx_word' id='word_1_123' title='bbox 1396 1643 1600 1732; x_wconf 87' lang='lat' dir='ltr'>Apostolicae</span> 
     </span>
     <span class='ocr_line' id='line_1_14' title="bbox 228 1747 1601 1839; baseline -0.001 -21"><span class='ocrx_word' id='word_1_124' title='bbox 228 1772 354 1839; x_wconf 88' lang='lat' dir='ltr'>semper</span> <span class='ocrx_word' id='word_1_125' title='bbox 376 1748 596 1833; x_wconf 88' lang='lat' dir='ltr'>devotissimo,</span> <span class='ocrx_word' id='word_1_126' title='bbox 620 1773 755 1818; x_wconf 91' lang='lat' dir='ltr'>onmem</span> <span class='ocrx_word' id='word_1_127' title='bbox 779 1747 1014 1816; x_wconf 89' lang='lat' dir='ltr'>dissensionum</span> <span class='ocrx_word' id='word_1_128' title='bbox 1044 1749 1209 1838; x_wconf 83' lang='lat' dir='ltr'>materiam</span> <span class='ocrx_word' id='word_1_129' title='bbox 1237 1749 1378 1836; x_wconf 81' lang='lat' dir='ltr'>extingui</span> <span class='ocrx_word' id='word_1_130' title='bbox 1407 1761 1439 1817; x_wconf 92' lang='lat' dir='ltr'>et</span> <span class='ocrx_word' id='word_1_131' title='bbox 1461 1748 1601 1818; x_wconf 91' lang='lat' dir='ltr'>dulcissi-</span> 
     </span>
     <span class='ocr_line' id='line_1_15' title="bbox 229 1852 1601 1946; baseline 0 -23"><span class='ocrx_word' id='word_1_132' title='bbox 229 1881 317 1924; x_wconf 91' lang='lat' dir='ltr'>mum</span> <span class='ocrx_word' id='word_1_133' title='bbox 342 1855 430 1924; x_wconf 92' lang='lat' dir='ltr'>illum</span> <span class='ocrx_word' id='word_1_134' title='bbox 453 1859 537 1946; x_wconf 89' lang='lat' dir='ltr'>pacis</span> <span class='ocrx_word' id='word_1_135' title='bbox 560 1857 740 1946; x_wconf 91' lang='lat' dir='ltr'>amorisque</span> <span class='ocrx_word' id='word_1_136' title='bbox 765 1856 951 1923; x_wconf 90' lang='lat' dir='ltr'>intestinum</span> <span class='ocrx_word' id='word_1_137' title='bbox 981 1866 1175 1922; x_wconf 89' lang='lat' dir='ltr'>concentum</span> <span class='ocrx_word' id='word_1_138' title='bbox 1203 1852 1478 1945; x_wconf 85' lang='lat' dir='ltr'>felicissimamque</span> <span class='ocrx_word' id='word_1_139' title='bbox 1502 1857 1601 1926; x_wconf 87' lang='lat' dir='ltr'>chari-</span> 
     </span>
     <span class='ocr_line' id='line_1_16' title="bbox 230 1962 1601 2051; baseline 0.001 -21"><span class='ocrx_word' id='word_1_140' title='bbox 230 1964 300 2031; x_wconf 89' lang='lat' dir='ltr'>tatis</span> <span class='ocrx_word' id='word_1_141' title='bbox 328 1964 528 2031; x_wconf 87' lang='lat' dir='ltr'>harmoniam</span> <span class='ocrx_word' id='word_1_142' title='bbox 555 1963 674 2030; x_wconf 88' lang='lat' dir='ltr'>multos</span> <span class='ocrx_word' id='word_1_143' title='bbox 702 1964 764 2029; x_wconf 93' lang='lat' dir='ltr'>iam</span> <span class='ocrx_word' id='word_1_144' title='bbox 793 1984 895 2029; x_wconf 88' lang='lat' dir='ltr'>annos</span> <span class='ocrx_word' id='word_1_145' title='bbox 923 1971 1124 2029; x_wconf 87' lang='lat' dir='ltr'>constantem</span> <span class='ocrx_word' id='word_1_146' title='bbox 1151 1962 1281 2028; x_wconf 91' lang='lat' dir='ltr'>retineri</span> <span class='ocrx_word' id='word_1_147' title='bbox 1311 1985 1346 2030; x_wconf 89' lang='lat' dir='ltr'>ac</span> <span class='ocrx_word' id='word_1_148' title='bbox 1374 1963 1406 2029; x_wconf 94' lang='lat' dir='ltr'>in</span> <span class='ocrx_word' id='word_1_149' title='bbox 1435 1974 1601 2051; x_wconf 91' lang='lat' dir='ltr'>posterum</span> 
     </span>
     <span class='ocr_line' id='line_1_17' title="bbox 231 2066 1601 2159; baseline 0 -23"><span class='ocrx_word' id='word_1_150' title='bbox 231 2071 410 2137; x_wconf 90' lang='lat' dir='ltr'>conservari</span> <span class='ocrx_word' id='word_1_151' title='bbox 427 2068 606 2159; x_wconf 87' lang='lat' dir='ltr'>dictamque</span> <span class='ocrx_word' id='word_1_152' title='bbox 629 2066 761 2157; x_wconf 91' lang='lat' dir='ltr'>perinde</span> <span class='ocrx_word' id='word_1_153' title='bbox 784 2090 878 2156; x_wconf 90' lang='lat' dir='ltr'>super</span> <span class='ocrx_word' id='word_1_154' title='bbox 893 2066 1033 2156; x_wconf 83' lang='lat' dir='ltr'>praefato</span> <span class='ocrx_word' id='word_1_155' title='bbox 1055 2068 1261 2137; x_wconf 89' lang='lat' dir='ltr'>matrimonio</span> <span class='ocrx_word' id='word_1_156' title='bbox 1279 2091 1405 2136; x_wconf 89' lang='lat' dir='ltr'>causam</span> <span class='ocrx_word' id='word_1_157' title='bbox 1428 2070 1461 2136; x_wconf 92' lang='lat' dir='ltr'>in</span> <span class='ocrx_word' id='word_1_158' title='bbox 1484 2069 1601 2137; x_wconf 89' lang='lat' dir='ltr'>iudicio</span> 
     </span>
     <span class='ocr_line' id='line_1_18' title="bbox 231 2172 1604 2265; baseline 0.001 -23"><span class='ocrx_word' id='word_1_159' title='bbox 231 2176 345 2244; x_wconf 87' lang='lat' dir='ltr'>iustitia</span> <span class='ocrx_word' id='word_1_160' title='bbox 373 2194 405 2243; x_wconf 88' lang='lat' dir='ltr'>et</span> <span class='ocrx_word' id='word_1_161' title='bbox 428 2177 559 2244; x_wconf 91' lang='lat' dir='ltr'>veritate</span> <span class='ocrx_word' id='word_1_162' title='bbox 589 2174 691 2243; x_wconf 90' lang='lat' dir='ltr'>decidi</span> <span class='ocrx_word' id='word_1_163' title='bbox 718 2185 904 2263; x_wconf 88' lang='lat' dir='ltr'>certumque</span> <span class='ocrx_word' id='word_1_164' title='bbox 933 2172 1062 2241; x_wconf 92' lang='lat' dir='ltr'>firmum</span> <span class='ocrx_word' id='word_1_165' title='bbox 1085 2172 1224 2242; x_wconf 88' lang='lat' dir='ltr'>validum</span> <span class='ocrx_word' id='word_1_166' title='bbox 1253 2186 1284 2242; x_wconf 92' lang='lat' dir='ltr'>et</span> <span class='ocrx_word' id='word_1_167' title='bbox 1312 2187 1487 2258; x_wconf 90' lang='lat' dir='ltr'>maturum,</span> <span class='ocrx_word' id='word_1_168' title='bbox 1516 2174 1604 2265; x_wconf 91' lang='lat' dir='ltr'>quod</span> 
     </span>
     <span class='ocr_line' id='line_1_19' title="bbox 232 2279 1604 2370; baseline 0.001 -22"><span class='ocrx_word' id='word_1_169' title='bbox 232 2282 368 2349; x_wconf 83' lang='lat' dir='ltr'>maxime</span> <span class='ocrx_word' id='word_1_170' title='bbox 392 2280 528 2370; x_wconf 88' lang='lat' dir='ltr'>expedit,</span> <span class='ocrx_word' id='word_1_171' title='bbox 551 2279 650 2350; x_wconf 90' lang='lat' dir='ltr'>finem</span> <span class='ocrx_word' id='word_1_172' title='bbox 674 2280 795 2349; x_wconf 85' lang='lat' dir='ltr'>sortiri:</span> <span class='ocrx_word' id='word_1_173' title='bbox 820 2280 1108 2368; x_wconf 87' lang='lat' dir='ltr'>Circumspectioni</span> <span class='ocrx_word' id='word_1_174' title='bbox 1132 2280 1264 2348; x_wconf 90' lang='lat' dir='ltr'>Vestrae</span> <span class='ocrx_word' id='word_1_175' title='bbox 1288 2280 1327 2348; x_wconf 89' lang='lat' dir='ltr'>ad</span> <span class='ocrx_word' id='word_1_176' title='bbox 1349 2280 1542 2349; x_wconf 90' lang='lat' dir='ltr'>audiendum</span> <span class='ocrx_word' id='word_1_177' title='bbox 1566 2306 1604 2350; x_wconf 91' lang='lat' dir='ltr'>ea</span> 
     </span>
     <span class='ocr_line' id='line_1_20' title="bbox 233 2385 1668 2480; baseline 0.001 -27"><span class='ocrx_word' id='word_1_178' title='bbox 233 2388 341 2455; x_wconf 89' lang='lat' dir='ltr'>omnia</span> <span class='ocrx_word' id='word_1_179' title='bbox 364 2399 396 2455; x_wconf 92' lang='lat' dir='ltr'>et</span> <span class='ocrx_word' id='word_1_180' title='bbox 419 2387 556 2476; x_wconf 89' lang='lat' dir='ltr'>singula,</span> <span class='ocrx_word' id='word_1_181' title='bbox 579 2411 660 2477; x_wconf 91' lang='lat' dir='ltr'>quae</span> <span class='ocrx_word' id='word_1_182' title='bbox 682 2386 758 2455; x_wconf 90' lang='lat' dir='ltr'>dicti</span> <span class='ocrx_word' id='word_1_183' title='bbox 781 2386 976 2455; x_wconf 89' lang='lat' dir='ltr'>matrimonii</span> <span class='ocrx_word' id='word_1_184' title='bbox 998 2386 1081 2453; x_wconf 91' lang='lat' dir='ltr'>vires</span> <span class='ocrx_word' id='word_1_185' title='bbox 1104 2385 1389 2480; x_wconf 78' lang='lat' dir='ltr'>dispensationisve</span> <span class='ocrx_word' id='word_1_186' title='bbox 1413 2388 1604 2477; x_wconf 89' lang='lat' dir='ltr'>apostolicae</span> <span class='ocrx_word' id='word_1_187' title='bbox 1665 2420 1668 2425; x_wconf 94' lang='lat'>·</span> 
     </span>
     <span class='ocr_line' id='line_1_21' title="bbox 234 2490 1604 2583; baseline 0.002 -23"><span class='ocrx_word' id='word_1_188' title='bbox 234 2494 446 2583; x_wconf 89' lang='lat' dir='ltr'>cuiuscunque</span> <span class='ocrx_word' id='word_1_189' title='bbox 463 2517 570 2561; x_wconf 92' lang='lat' dir='ltr'>coram</span> <span class='ocrx_word' id='word_1_190' title='bbox 586 2492 678 2561; x_wconf 90' lang='lat' dir='ltr'>vobis</span> <span class='ocrx_word' id='word_1_191' title='bbox 700 2491 924 2582; x_wconf 87' lang='lat' dir='ltr'>producendae</span> <span class='ocrx_word' id='word_1_192' title='bbox 947 2504 1001 2559; x_wconf 91' lang='lat' dir='ltr'>aut</span> <span class='ocrx_word' id='word_1_193' title='bbox 1020 2490 1214 2561; x_wconf 86' lang='lat' dir='ltr'>exhibendae</span> <span class='ocrx_word' id='word_1_194' title='bbox 1230 2492 1422 2562; x_wconf 88' lang='lat' dir='ltr'>validitatem</span> <span class='ocrx_word' id='word_1_195' title='bbox 1443 2514 1495 2562; x_wconf 87' lang='lat' dir='ltr'>aut</span> <span class='ocrx_word' id='word_1_196' title='bbox 1518 2496 1604 2563; x_wconf 91' lang='lat' dir='ltr'>inva-</span> 
     </span>
     <span class='ocr_line' id='line_1_22' title="bbox 233 2596 1604 2691; baseline 0.001 -25"><span class='ocrx_word' id='word_1_197' title='bbox 233 2598 383 2668; x_wconf 89' lang='lat' dir='ltr'>liditatem</span> <span class='ocrx_word' id='word_1_198' title='bbox 412 2603 615 2689; x_wconf 88' lang='lat' dir='ltr'>contingant,</span> <span class='ocrx_word' id='word_1_199' title='bbox 644 2599 746 2689; x_wconf 91' lang='lat' dir='ltr'>deque</span> <span class='ocrx_word' id='word_1_200' title='bbox 775 2611 806 2666; x_wconf 92' lang='lat' dir='ltr'>et</span> <span class='ocrx_word' id='word_1_201' title='bbox 834 2620 928 2687; x_wconf 91' lang='lat' dir='ltr'>super</span> <span class='ocrx_word' id='word_1_202' title='bbox 951 2596 1100 2665; x_wconf 91' lang='lat' dir='ltr'>omnibus</span> <span class='ocrx_word' id='word_1_203' title='bbox 1128 2596 1187 2665; x_wconf 89' lang='lat' dir='ltr'>illis</span> <span class='ocrx_word' id='word_1_204' title='bbox 1214 2622 1251 2666; x_wconf 91' lang='lat' dir='ltr'>ac</span> <span class='ocrx_word' id='word_1_205' title='bbox 1274 2598 1339 2666; x_wconf 91' lang='lat' dir='ltr'>aliis</span> <span class='ocrx_word' id='word_1_206' title='bbox 1367 2599 1604 2691; x_wconf 89' lang='lat' dir='ltr'>quibuscunque</span> 
     </span>
     <span class='ocr_line' id='line_1_23' title="bbox 234 2702 1605 2794; baseline 0.002 -22"><span class='ocrx_word' id='word_1_207' title='bbox 234 2706 372 2774; x_wconf 89' lang='lat' dir='ltr'>materiis</span> <span class='ocrx_word' id='word_1_208' title='bbox 394 2703 634 2792; x_wconf 85' lang='lat' dir='ltr'>allegationibus</span> <span class='ocrx_word' id='word_1_209' title='bbox 657 2714 689 2771; x_wconf 90' lang='lat' dir='ltr'>et</span> <span class='ocrx_word' id='word_1_210' title='bbox 712 2706 823 2787; x_wconf 88' lang='lat' dir='ltr'>causis,</span> <span class='ocrx_word' id='word_1_211' title='bbox 847 2702 967 2773; x_wconf 92' lang='lat' dir='ltr'>dictum</span> <span class='ocrx_word' id='word_1_212' title='bbox 990 2705 1231 2772; x_wconf 89' lang='lat' dir='ltr'>matrimonium</span> <span class='ocrx_word' id='word_1_213' title='bbox 1258 2724 1312 2772; x_wconf 92' lang='lat' dir='ltr'>aut</span> <span class='ocrx_word' id='word_1_214' title='bbox 1334 2705 1605 2794; x_wconf 88' lang='lat' dir='ltr'>dispensationem</span> 
     </span>
     <span class='ocr_line' id='line_1_24' title="bbox 235 2808 1606 2899; baseline 0.002 -20"><span class='ocrx_word' id='word_1_215' title='bbox 235 2810 499 2880; x_wconf 88' lang='lat' dir='ltr'>concernentibus</span> <span class='ocrx_word' id='word_1_216' title='bbox 522 2835 578 2878; x_wconf 92' lang='lat' dir='ltr'>seu</span> <span class='ocrx_word' id='word_1_217' title='bbox 602 2809 804 2898; x_wconf 87' lang='lat' dir='ltr'>tangentibus</span> <span class='ocrx_word' id='word_1_218' title='bbox 827 2808 1091 2899; x_wconf 88' lang='lat' dir='ltr'>cognoscendum</span> <span class='ocrx_word' id='word_1_219' title='bbox 1118 2832 1247 2877; x_wconf 91' lang='lat' dir='ltr'>necnon</span> <span class='ocrx_word' id='word_1_220' title='bbox 1270 2810 1303 2878; x_wconf 91' lang='lat' dir='ltr'>in</span> <span class='ocrx_word' id='word_1_221' title='bbox 1328 2834 1419 2879; x_wconf 84' lang='lat' dir='ltr'>causa</span> <span class='ocrx_word' id='word_1_222' title='bbox 1442 2811 1517 2882; x_wconf 90' lang='lat' dir='ltr'>dicti</span> <span class='ocrx_word' id='word_1_223' title='bbox 1540 2838 1606 2882; x_wconf 86' lang='lat' dir='ltr'>ma-</span> 
     </span>
     <span class='ocr_line' id='line_1_25' title="bbox 236 2914 1606 3013; baseline 0.002 -28"><span class='ocrx_word' id='word_1_224' title='bbox 236 2919 378 2985; x_wconf 89' lang='lat' dir='ltr'>trimonii</span> <span class='ocrx_word' id='word_1_225' title='bbox 401 2928 433 2986; x_wconf 91' lang='lat' dir='ltr'>et</span> <span class='ocrx_word' id='word_1_226' title='bbox 447 2915 612 2986; x_wconf 88' lang='lat' dir='ltr'>validitatis</span> <span class='ocrx_word' id='word_1_227' title='bbox 636 2917 879 3013; x_wconf 82' lang='lat' dir='ltr'>dispensationis</span> <span class='ocrx_word' id='word_1_228' title='bbox 895 2917 1015 2985; x_wconf 89' lang='lat' dir='ltr'>vocatis</span> <span class='ocrx_word' id='word_1_229' title='bbox 1038 2914 1176 3006; x_wconf 87' lang='lat' dir='ltr'>partibus</span> <span class='ocrx_word' id='word_1_230' title='bbox 1199 2919 1370 2986; x_wconf 89' lang='lat' dir='ltr'>summarie</span> <span class='ocrx_word' id='word_1_231' title='bbox 1394 2931 1425 2987; x_wconf 91' lang='lat' dir='ltr'>et</span> <span class='ocrx_word' id='word_1_232' title='bbox 1448 2918 1488 2986; x_wconf 93' lang='lat' dir='ltr'>de</span> <span class='ocrx_word' id='word_1_233' title='bbox 1510 2919 1606 3009; x_wconf 91' lang='lat' dir='ltr'>plano</span> 
     </span>
     <span class='ocr_line' id='line_1_26' title="bbox 237 3021 1608 3116; baseline 0.002 -25"><span class='ocrx_word' id='word_1_234' title='bbox 237 3026 303 3092; x_wconf 90' lang='lat' dir='ltr'>sine</span> <span class='ocrx_word' id='word_1_235' title='bbox 337 3024 468 3113; x_wconf 91' lang='lat' dir='ltr'>strepitu</span> <span class='ocrx_word' id='word_1_236' title='bbox 501 3042 532 3091; x_wconf 92' lang='lat' dir='ltr'>et</span> <span class='ocrx_word' id='word_1_237' title='bbox 564 3022 664 3112; x_wconf 88' lang='lat' dir='ltr'>figura</span> <span class='ocrx_word' id='word_1_238' title='bbox 696 3022 800 3091; x_wconf 91' lang='lat' dir='ltr'>iudicii</span> <span class='ocrx_word' id='word_1_239' title='bbox 834 3021 1088 3112; x_wconf 84' lang='lat' dir='ltr'>procedendum,</span> <span class='ocrx_word' id='word_1_240' title='bbox 1121 3021 1373 3112; x_wconf 90' lang='lat' dir='ltr'>dispensationes</span> <span class='ocrx_word' id='word_1_241' title='bbox 1405 3048 1608 3116; x_wconf 88' lang='lat' dir='ltr'>quascunque</span> 
     </span>
     <span class='ocr_line' id='line_1_27' title="bbox 237 3127 1608 3219; baseline 0.002 -22"><span class='ocrx_word' id='word_1_242' title='bbox 237 3128 425 3219; x_wconf 90' lang='lat' dir='ltr'>apostolicas</span> <span class='ocrx_word' id='word_1_243' title='bbox 441 3148 535 3219; x_wconf 92' lang='lat' dir='ltr'>prout</span> <span class='ocrx_word' id='word_1_244' title='bbox 554 3129 619 3197; x_wconf 90' lang='lat' dir='ltr'>illas</span> <span class='ocrx_word' id='word_1_245' title='bbox 635 3128 750 3198; x_wconf 91' lang='lat' dir='ltr'>validas</span> <span class='ocrx_word' id='word_1_246' title='bbox 770 3128 913 3198; x_wconf 80' lang='lat' dir='ltr'>efficaces</span> <span class='ocrx_word' id='word_1_247' title='bbox 930 3141 961 3197; x_wconf 89' lang='lat' dir='ltr'>et</span> <span class='ocrx_word' id='word_1_248' title='bbox 976 3127 1179 3211; x_wconf 83' lang='lat' dir='ltr'>sufficientes,</span> <span class='ocrx_word' id='word_1_249' title='bbox 1200 3129 1400 3213; x_wconf 90' lang='lat' dir='ltr'>invalidasve,</span> <span class='ocrx_word' id='word_1_250' title='bbox 1420 3130 1608 3216; x_wconf 85' lang='lat' dir='ltr'>inefficaces,</span> 
     </span>
     <span class='ocr_line' id='line_1_28' title="bbox 238 3233 1609 3325; baseline 0.003 -22"><span class='ocrx_word' id='word_1_251' title='bbox 238 3237 342 3304; x_wconf 90' lang='lat' dir='ltr'>minus</span> <span class='ocrx_word' id='word_1_252' title='bbox 365 3233 569 3319; x_wconf 88' lang='lat' dir='ltr'>sufficientes,</span> <span class='ocrx_word' id='word_1_253' title='bbox 592 3235 789 3324; x_wconf 89' lang='lat' dir='ltr'>subreptitias</span> <span class='ocrx_word' id='word_1_254' title='bbox 805 3234 856 3304; x_wconf 91' lang='lat' dir='ltr'>vel</span> <span class='ocrx_word' id='word_1_255' title='bbox 872 3235 1054 3324; x_wconf 90' lang='lat' dir='ltr'>obreptitias</span> <span class='ocrx_word' id='word_1_256' title='bbox 1077 3247 1130 3303; x_wconf 90' lang='lat' dir='ltr'>aut</span> <span class='ocrx_word' id='word_1_257' title='bbox 1152 3233 1384 3325; x_wconf 89' lang='lat' dir='ltr'>aliquocunque</span> <span class='ocrx_word' id='word_1_258' title='bbox 1406 3235 1507 3304; x_wconf 93' lang='lat' dir='ltr'>modo</span> <span class='ocrx_word' id='word_1_259' title='bbox 1524 3264 1609 3307; x_wconf 89' lang='lat' dir='ltr'>ema·</span> 
     </span>
     <span class='ocr_line' id='line_1_29' title="bbox 238 3340 1609 3434; baseline 0.003 -25"><span class='ocrx_word' id='word_1_260' title='bbox 238 3354 324 3410; x_wconf 90' lang='lat' dir='ltr'>natas</span> <span class='ocrx_word' id='word_1_261' title='bbox 344 3342 538 3423; x_wconf 91' lang='lat' dir='ltr'>inveneritis,</span> <span class='ocrx_word' id='word_1_262' title='bbox 562 3341 638 3409; x_wconf 87' lang='lat' dir='ltr'>tales</span> <span class='ocrx_word' id='word_1_263' title='bbox 655 3340 720 3409; x_wconf 91' lang='lat' dir='ltr'>illas</span> <span class='ocrx_word' id='word_1_264' title='bbox 745 3364 814 3409; x_wconf 91' lang='lat' dir='ltr'>esse</span> <span class='ocrx_word' id='word_1_265' title='bbox 831 3352 863 3409; x_wconf 93' lang='lat' dir='ltr'>et</span> <span class='ocrx_word' id='word_1_266' title='bbox 878 3340 985 3409; x_wconf 89' lang='lat' dir='ltr'>haberi</span> <span class='ocrx_word' id='word_1_267' title='bbox 1000 3340 1116 3409; x_wconf 90' lang='lat' dir='ltr'>debere</span> <span class='ocrx_word' id='word_1_268' title='bbox 1132 3340 1410 3430; x_wconf 88' lang='lat' dir='ltr'>praeiudicandum</span> <span class='ocrx_word' id='word_1_269' title='bbox 1426 3342 1609 3434; x_wconf 90' lang='lat' dir='ltr'>dictumque</span> 
     </span>
     <span class='ocr_line' id='line_1_30' title="bbox 239 3446 1609 3537; baseline 0.002 -21"><span class='ocrx_word' id='word_1_270' title='bbox 239 3449 478 3517; x_wconf 87' lang='lat' dir='ltr'>matrimonium</span> <span class='ocrx_word' id='word_1_271' title='bbox 507 3447 660 3530; x_wconf 90' lang='lat' dir='ltr'>similiter,</span> <span class='ocrx_word' id='word_1_272' title='bbox 697 3449 723 3514; x_wconf 92' lang='lat' dir='ltr'>si</span> <span class='ocrx_word' id='word_1_273' title='bbox 751 3446 788 3515; x_wconf 89' lang='lat' dir='ltr'>ab</span> <span class='ocrx_word' id='word_1_274' title='bbox 818 3446 964 3515; x_wconf 89' lang='lat' dir='ltr'>altemtra</span> <span class='ocrx_word' id='word_1_275' title='bbox 993 3459 1080 3536; x_wconf 91' lang='lat' dir='ltr'>parte</span> <span class='ocrx_word' id='word_1_276' title='bbox 1110 3459 1243 3537; x_wconf 90' lang='lat' dir='ltr'>petatur,</span> <span class='ocrx_word' id='word_1_277' title='bbox 1273 3461 1368 3537; x_wconf 89' lang='lat' dir='ltr'>prout</span> <span class='ocrx_word' id='word_1_278' title='bbox 1395 3451 1504 3518; x_wconf 88' lang='lat' dir='ltr'>animo</span> <span class='ocrx_word' id='word_1_279' title='bbox 1533 3474 1609 3520; x_wconf 91' lang='lat' dir='ltr'>con·</span> 
     </span>
     <span class='ocr_line' id='line_1_31' title="bbox 240 3552 1609 3645; baseline 0.002 -24"><span class='ocrx_word' id='word_1_280' title='bbox 240 3555 450 3644; x_wconf 89' lang='lat' dir='ltr'>scientiaeque</span> <span class='ocrx_word' id='word_1_281' title='bbox 473 3573 595 3621; x_wconf 89' lang='lat' dir='ltr'>vestrae</span> <span class='ocrx_word' id='word_1_282' title='bbox 622 3554 697 3621; x_wconf 90' lang='lat' dir='ltr'>iuris</span> <span class='ocrx_word' id='word_1_283' title='bbox 724 3554 804 3622; x_wconf 93' lang='lat' dir='ltr'>ratio</span> <span class='ocrx_word' id='word_1_284' title='bbox 832 3555 1035 3642; x_wconf 88' lang='lat' dir='ltr'>persuaserit,</span> <span class='ocrx_word' id='word_1_285' title='bbox 1058 3552 1197 3623; x_wconf 89' lang='lat' dir='ltr'>validum</span> <span class='ocrx_word' id='word_1_286' title='bbox 1224 3555 1342 3622; x_wconf 91' lang='lat' dir='ltr'>iustum</span> <span class='ocrx_word' id='word_1_287' title='bbox 1372 3568 1404 3623; x_wconf 93' lang='lat' dir='ltr'>et</span> <span class='ocrx_word' id='word_1_288' title='bbox 1430 3555 1609 3645; x_wconf 90' lang='lat' dir='ltr'>legitimum</span> 
     </span>
     <span class='ocr_line' id='line_1_32' title="bbox 241 3658 1611 3753; baseline 0.003 -25"><span class='ocrx_word' id='word_1_289' title='bbox 241 3673 291 3729; x_wconf 89' lang='lat' dir='ltr'>aut</span> <span class='ocrx_word' id='word_1_290' title='bbox 314 3658 442 3727; x_wconf 90' lang='lat' dir='ltr'>firmum</span> <span class='ocrx_word' id='word_1_291' title='bbox 459 3683 538 3743; x_wconf 89' lang='lat' dir='ltr'>esse,</span> <span class='ocrx_word' id='word_1_292' title='bbox 562 3672 615 3727; x_wconf 90' lang='lat' dir='ltr'>aut</span> <span class='ocrx_word' id='word_1_293' title='bbox 631 3684 648 3727; x_wconf 92' lang='lat' dir='ltr'>e</span> <span class='ocrx_word' id='word_1_294' title='bbox 665 3671 775 3727; x_wconf 91' lang='lat' dir='ltr'>contra</span> <span class='ocrx_word' id='word_1_295' title='bbox 798 3658 970 3728; x_wconf 91' lang='lat' dir='ltr'>invalidum</span> <span class='ocrx_word' id='word_1_296' title='bbox 990 3660 1141 3728; x_wconf 91' lang='lat' dir='ltr'>iniustum</span> <span class='ocrx_word' id='word_1_297' title='bbox 1158 3671 1190 3727; x_wconf 91' lang='lat' dir='ltr'>et</span> <span class='ocrx_word' id='word_1_298' title='bbox 1205 3660 1404 3749; x_wconf 90' lang='lat' dir='ltr'>illegitimum</span> <span class='ocrx_word' id='word_1_299' title='bbox 1426 3663 1611 3753; x_wconf 81' lang='lat' dir='ltr'>nullumque</span> 
     </span>
     <span class='ocr_line' id='line_1_33' title="bbox 240 3763 1611 3855; baseline 0.003 -22"><span class='ocrx_word' id='word_1_300' title='bbox 240 3765 334 3833; x_wconf 84' lang='lat' dir='ltr'>fuisse</span> <span class='ocrx_word' id='word_1_301' title='bbox 358 3778 390 3834; x_wconf 92' lang='lat' dir='ltr'>et</span> <span class='ocrx_word' id='word_1_302' title='bbox 413 3790 497 3849; x_wconf 88' lang='lat' dir='ltr'>esse,</span> <span class='ocrx_word' id='word_1_303' title='bbox 524 3789 584 3855; x_wconf 93' lang='lat' dir='ltr'>pro</span> <span class='ocrx_word' id='word_1_304' title='bbox 607 3764 711 3834; x_wconf 91' lang='lat' dir='ltr'>valido</span> <span class='ocrx_word' id='word_1_305' title='bbox 735 3767 819 3834; x_wconf 93' lang='lat' dir='ltr'>iusto</span> <span class='ocrx_word' id='word_1_306' title='bbox 843 3777 874 3833; x_wconf 90' lang='lat' dir='ltr'>et</span> <span class='ocrx_word' id='word_1_307' title='bbox 897 3763 1002 3847; x_wconf 89' lang='lat' dir='ltr'>firm0‚</span> <span class='ocrx_word' id='word_1_308' title='bbox 1025 3778 1078 3833; x_wconf 89' lang='lat' dir='ltr'>aut</span> <span class='ocrx_word' id='word_1_309' title='bbox 1101 3788 1119 3832; x_wconf 89' lang='lat' dir='ltr'>e</span> <span class='ocrx_word' id='word_1_310' title='bbox 1142 3779 1254 3835; x_wconf 90' lang='lat' dir='ltr'>contra</span> <span class='ocrx_word' id='word_1_311' title='bbox 1277 3766 1413 3836; x_wconf 89' lang='lat' dir='ltr'>invalido</span> <span class='ocrx_word' id='word_1_312' title='bbox 1437 3769 1554 3837; x_wconf 90' lang='lat' dir='ltr'>iniusto</span> <span class='ocrx_word' id='word_1_313' title='bbox 1580 3783 1611 3838; x_wconf 92' lang='lat' dir='ltr'>et</span> 
     </span>
     <span class='ocr_line' id='line_1_34' title="bbox 242 3869 1611 3962; baseline 0.003 -23"><span class='ocrx_word' id='word_1_314' title='bbox 242 3871 406 3961; x_wconf 90' lang='lat' dir='ltr'>illegitimo</span> <span class='ocrx_word' id='word_1_315' title='bbox 429 3872 580 3962; x_wconf 91' lang='lat' dir='ltr'>nulloque</span> <span class='ocrx_word' id='word_1_316' title='bbox 603 3871 709 3940; x_wconf 87' lang='lat' dir='ltr'>haberi</span> <span class='ocrx_word' id='word_1_317' title='bbox 733 3870 848 3939; x_wconf 89' lang='lat' dir='ltr'>debere</span> <span class='ocrx_word' id='word_1_318' title='bbox 877 3869 1098 3940; x_wconf 80' lang='lat' dir='ltr'>diffiniendum</span> <span class='ocrx_word' id='word_1_319' title='bbox 1124 3871 1381 3940; x_wconf 89' lang='lat' dir='ltr'>sententiandum</span> <span class='ocrx_word' id='word_1_320' title='bbox 1405 3885 1437 3941; x_wconf 90' lang='lat' dir='ltr'>et</span> <span class='ocrx_word' id='word_1_321' title='bbox 1464 3873 1611 3943; x_wconf 91' lang='lat' dir='ltr'>deciden-</span> 
     </span>
     <span class='ocr_line' id='line_1_35' title="bbox 243 3975 1612 4067; baseline 0.004 -22"><span class='ocrx_word' id='word_1_322' title='bbox 243 3976 333 4062; x_wconf 89' lang='lat' dir='ltr'>dum,</span> <span class='ocrx_word' id='word_1_323' title='bbox 361 4001 397 4045; x_wconf 91' lang='lat' dir='ltr'>ac</span> <span class='ocrx_word' id='word_1_324' title='bbox 420 3979 453 4045; x_wconf 92' lang='lat' dir='ltr'>in</span> <span class='ocrx_word' id='word_1_325' title='bbox 477 3990 628 4046; x_wconf 89' lang='lat' dir='ltr'>eventum</span> <span class='ocrx_word' id='word_1_326' title='bbox 659 3977 902 4067; x_wconf 90' lang='lat' dir='ltr'>improbationis</span> <span class='ocrx_word' id='word_1_327' title='bbox 932 3989 963 4046; x_wconf 89' lang='lat' dir='ltr'>et</span> <span class='ocrx_word' id='word_1_328' title='bbox 990 3975 1210 4046; x_wconf 88' lang='lat' dir='ltr'>declarationis</span> <span class='ocrx_word' id='word_1_329' title='bbox 1238 3979 1386 4048; x_wconf 90' lang='lat' dir='ltr'>nullitatis</span> <span class='ocrx_word' id='word_1_330' title='bbox 1416 3983 1612 4050; x_wconf 88' lang='lat' dir='ltr'>matrimonii</span> 
     </span>
     <span class='ocr_line' id='line_1_36' title="bbox 244 4083 1613 4175; baseline 0.003 -23"><span class='ocrx_word' id='word_1_331' title='bbox 244 4086 412 4152; x_wconf 87' lang='lat' dir='ltr'>summarie</span> <span class='ocrx_word' id='word_1_332' title='bbox 440 4108 476 4152; x_wconf 90' lang='lat' dir='ltr'>ac</span> <span class='ocrx_word' id='word_1_333' title='bbox 499 4083 539 4153; x_wconf 93' lang='lat' dir='ltr'>de</span> <span class='ocrx_word' id='word_1_334' title='bbox 561 4083 656 4174; x_wconf 91' lang='lat' dir='ltr'>plano</span> <span class='ocrx_word' id='word_1_335' title='bbox 684 4086 754 4153; x_wconf 91' lang='lat' dir='ltr'>sine</span> <span class='ocrx_word' id='word_1_336' title='bbox 782 4086 913 4173; x_wconf 91' lang='lat' dir='ltr'>strepitu</span> <span class='ocrx_word' id='word_1_337' title='bbox 942 4096 974 4152; x_wconf 90' lang='lat' dir='ltr'>et</span> <span class='ocrx_word' id='word_1_338' title='bbox 996 4083 1096 4172; x_wconf 89' lang='lat' dir='ltr'>figura</span> <span class='ocrx_word' id='word_1_339' title='bbox 1124 4084 1244 4168; x_wconf 90' lang='lat' dir='ltr'>iudicii,</span> <span class='ocrx_word' id='word_1_340' title='bbox 1272 4096 1307 4154; x_wconf 92' lang='lat' dir='ltr'>ut</span> <span class='ocrx_word' id='word_1_341' title='bbox 1329 4087 1512 4175; x_wconf 86' lang='lat' dir='ltr'>praefertur,</span> <span class='ocrx_word' id='word_1_342' title='bbox 1540 4112 1613 4156; x_wconf 88' lang='lat' dir='ltr'>sen·</span> 
     </span>
     <span class='ocr_line' id='line_1_37' title="bbox 243 4189 1612 4283; baseline 0.003 -25"><span class='ocrx_word' id='word_1_343' title='bbox 243 4192 373 4258; x_wconf 88' lang='lat' dir='ltr'>tentiam</span> <span class='ocrx_word' id='word_1_344' title='bbox 397 4190 524 4259; x_wconf 90' lang='lat' dir='ltr'>divortii</span> <span class='ocrx_word' id='word_1_345' title='bbox 546 4191 729 4260; x_wconf 87' lang='lat' dir='ltr'>iudicialiter</span> <span class='ocrx_word' id='word_1_346' title='bbox 752 4189 989 4280; x_wconf 83' lang='lat' dir='ltr'>proferendum,</span> <span class='ocrx_word' id='word_1_347' title='bbox 1013 4189 1149 4280; x_wconf 88' lang='lat' dir='ltr'>denique</span> <span class='ocrx_word' id='word_1_348' title='bbox 1172 4203 1236 4259; x_wconf 88' lang='lat' dir='ltr'>tam</span> <span class='ocrx_word' id='word_1_349' title='bbox 1260 4193 1402 4261; x_wconf 89' lang='lat' dir='ltr'>Henrico</span> <span class='ocrx_word' id='word_1_350' title='bbox 1425 4195 1493 4282; x_wconf 91' lang='lat' dir='ltr'>regi</span> <span class='ocrx_word' id='word_1_351' title='bbox 1518 4217 1612 4283; x_wconf 91' lang='lat' dir='ltr'>quam</span> 
     </span>
     <span class='ocr_line' id='line_1_38' title="bbox 246 4295 1612 4386; baseline 0.004 -23"><span class='ocrx_word' id='word_1_352' title='bbox 246 4296 432 4365; x_wconf 85' lang='lat' dir='ltr'>Catherinae</span> <span class='ocrx_word' id='word_1_353' title='bbox 453 4298 581 4385; x_wconf 88' lang='lat' dir='ltr'>reginae</span> <span class='ocrx_word' id='word_1_354' title='bbox 596 4296 741 4386; x_wconf 82' lang='lat' dir='ltr'>praefatis</span> <span class='ocrx_word' id='word_1_355' title='bbox 764 4296 803 4364; x_wconf 88' lang='lat' dir='ltr'>ad</span> <span class='ocrx_word' id='word_1_356' title='bbox 819 4296 876 4364; x_wconf 88' lang='lat' dir='ltr'>alia</span> <span class='ocrx_word' id='word_1_357' title='bbox 892 4308 966 4363; x_wconf 88' lang='lat' dir='ltr'>vota</span> <span class='ocrx_word' id='word_1_358' title='bbox 987 4295 1220 4385; x_wconf 89' lang='lat' dir='ltr'>commigrandi</span> <span class='ocrx_word' id='word_1_359' title='bbox 1243 4297 1402 4365; x_wconf 89' lang='lat' dir='ltr'>licentiam</span> <span class='ocrx_word' id='word_1_360' title='bbox 1418 4301 1450 4367; x_wconf 90' lang='lat' dir='ltr'>in</span> <span class='ocrx_word' id='word_1_361' title='bbox 1466 4301 1612 4369; x_wconf 90' lang='lat' dir='ltr'>Domino</span> 
     </span>
     <span class='ocr_line' id='line_1_39' title="bbox 246 4401 1614 4486; baseline 0.003 -17"><span class='ocrx_word' id='word_1_362' title='bbox 246 4413 277 4469; x_wconf 91' lang='lat' dir='ltr'>et</span> <span class='ocrx_word' id='word_1_363' title='bbox 297 4401 477 4471; x_wconf 82' lang='lat' dir='ltr'>facultatem</span> <span class='ocrx_word' id='word_1_364' title='bbox 499 4402 713 4486; x_wconf 88' lang='lat' dir='ltr'>tribuendum,</span> <span class='ocrx_word' id='word_1_365' title='bbox 735 4402 826 4472; x_wconf 92' lang='lat' dir='ltr'>vobis</span> <span class='ocrx_word' id='word_1_366' title='bbox 849 4403 1045 4470; x_wconf 91' lang='lat' dir='ltr'>coniunctim</span> <span class='ocrx_word' id='word_1_367' title='bbox 1069 4414 1101 4470; x_wconf 92' lang='lat' dir='ltr'>et</span> <span class='ocrx_word' id='word_1_368' title='bbox 1123 4402 1221 4471; x_wconf 89' lang='lat' dir='ltr'>altero</span> <span class='ocrx_word' id='word_1_369' title='bbox 1243 4424 1383 4473; x_wconf 89' lang='lat' dir='ltr'>vestmm</span> <span class='ocrx_word' id='word_1_370' title='bbox 1407 4404 1537 4473; x_wconf 90' lang='lat' dir='ltr'>nolente</span> <span class='ocrx_word' id='word_1_371' title='bbox 1561 4418 1614 4473; x_wconf 92' lang='lat' dir='ltr'>aut</span> 
     </span>
     <span class='ocr_line' id='line_1_40' title="bbox 246 4507 1614 4598; baseline 0.004 -25"><span class='ocrx_word' id='word_1_372' title='bbox 246 4508 398 4597; x_wconf 90' lang='lat' dir='ltr'>impedito</span> <span class='ocrx_word' id='word_1_373' title='bbox 426 4507 551 4578; x_wconf 87' lang='lat' dir='ltr'>divisim</span> <span class='ocrx_word' id='word_1_374' title='bbox 579 4511 654 4577; x_wconf 90' lang='lat' dir='ltr'>citra</span> <span class='ocrx_word' id='word_1_375' title='bbox 683 4533 816 4577; x_wconf 93' lang='lat' dir='ltr'>omnem</span> <span class='ocrx_word' id='word_1_376' title='bbox 847 4532 1002 4598; x_wconf 88' lang='lat' dir='ltr'>personae</span> <span class='ocrx_word' id='word_1_377' title='bbox 1030 4520 1083 4576; x_wconf 92' lang='lat' dir='ltr'>aut</span> <span class='ocrx_word' id='word_1_378' title='bbox 1109 4507 1334 4576; x_wconf 90' lang='lat' dir='ltr'>iurisdictionis</span> <span class='ocrx_word' id='word_1_379' title='bbox 1361 4508 1493 4596; x_wconf 91' lang='lat' dir='ltr'>gradum</span> <span class='ocrx_word' id='word_1_380' title='bbox 1522 4514 1614 4578; x_wconf 90' lang='lat' dir='ltr'>omni</span> 
     </span>
     <span class='ocr_line' id='line_1_41' title="bbox 247 4614 1613 4703; baseline 0.002 -23"><span class='ocrx_word' id='word_1_381' title='bbox 247 4617 442 4682; x_wconf 91' lang='lat' dir='ltr'>recusatione</span> <span class='ocrx_word' id='word_1_382' title='bbox 467 4635 498 4681; x_wconf 90' lang='lat' dir='ltr'>et</span> <span class='ocrx_word' id='word_1_383' title='bbox 520 4614 730 4703; x_wconf 90' lang='lat' dir='ltr'>appellatione</span> <span class='ocrx_word' id='word_1_384' title='bbox 752 4617 885 4684; x_wconf 90' lang='lat' dir='ltr'>remotis</span> <span class='ocrx_word' id='word_1_385' title='bbox 908 4617 993 4684; x_wconf 89' lang='lat' dir='ltr'>vices</span> <span class='ocrx_word' id='word_1_386' title='bbox 1017 4628 1048 4684; x_wconf 91' lang='lat' dir='ltr'>et</span> <span class='ocrx_word' id='word_1_387' title='bbox 1070 4638 1204 4682; x_wconf 92' lang='lat' dir='ltr'>omnem</span> <span class='ocrx_word' id='word_1_388' title='bbox 1228 4617 1447 4683; x_wconf 87' lang='lat' dir='ltr'>auctoritatem</span> <span class='ocrx_word' id='word_1_389' title='bbox 1470 4627 1613 4683; x_wconf 89' lang='lat' dir='ltr'>nostram</span> 
     </span>
     <span class='ocr_line' id='line_1_42' title="bbox 249 4719 1614 4811; baseline 0.003 -26"><span class='ocrx_word' id='word_1_390' title='bbox 249 4721 476 4788; x_wconf 87' lang='lat' dir='ltr'>committimus</span> <span class='ocrx_word' id='word_1_391' title='bbox 504 4732 536 4788; x_wconf 91' lang='lat' dir='ltr'>et</span> <span class='ocrx_word' id='word_1_392' title='bbox 556 4719 785 4789; x_wconf 88' lang='lat' dir='ltr'>demandamus</span> <span class='ocrx_word' id='word_1_393' title='bbox 808 4745 929 4811; x_wconf 92' lang='lat' dir='ltr'>vosque</span> <span class='ocrx_word' id='word_1_394' title='bbox 958 4724 1053 4790; x_wconf 88' lang='lat' dir='ltr'>etiam</span> <span class='ocrx_word' id='word_1_395' title='bbox 1077 4722 1273 4788; x_wconf 90' lang='lat' dir='ltr'>coniunctim</span> <span class='ocrx_word' id='word_1_396' title='bbox 1297 4732 1329 4790; x_wconf 90' lang='lat' dir='ltr'>et</span> <span class='ocrx_word' id='word_1_397' title='bbox 1350 4720 1449 4789; x_wconf 89' lang='lat' dir='ltr'>altero</span> <span class='ocrx_word' id='word_1_398' title='bbox 1472 4734 1614 4789; x_wconf 90' lang='lat' dir='ltr'>vestrum</span> 
     </span>
     <span class='ocr_line' id='line_1_43' title="bbox 250 4825 1614 4917; baseline 0.004 -27"><span class='ocrx_word' id='word_1_399' title='bbox 250 4825 376 4895; x_wconf 91' lang='lat' dir='ltr'>nolente</span> <span class='ocrx_word' id='word_1_400' title='bbox 391 4837 445 4893; x_wconf 87' lang='lat' dir='ltr'>aut</span> <span class='ocrx_word' id='word_1_401' title='bbox 466 4825 621 4915; x_wconf 91' lang='lat' dir='ltr'>impedito</span> <span class='ocrx_word' id='word_1_402' title='bbox 637 4826 762 4894; x_wconf 93' lang='lat' dir='ltr'>divisim</span> <span class='ocrx_word' id='word_1_403' title='bbox 786 4846 820 4895; x_wconf 91' lang='lat' dir='ltr'>ut</span> <span class='ocrx_word' id='word_1_404' title='bbox 838 4826 1020 4917; x_wconf 87' lang='lat' dir='ltr'>praefertur,</span> <span class='ocrx_word' id='word_1_405' title='bbox 1044 4827 1082 4895; x_wconf 93' lang='lat' dir='ltr'>ad</span> <span class='ocrx_word' id='word_1_406' title='bbox 1099 4850 1134 4895; x_wconf 91' lang='lat' dir='ltr'>ea</span> <span class='ocrx_word' id='word_1_407' title='bbox 1150 4828 1269 4909; x_wconf 90' lang='lat' dir='ltr'>omnia,</span> <span class='ocrx_word' id='word_1_408' title='bbox 1293 4850 1373 4916; x_wconf 92' lang='lat' dir='ltr'>quae</span> <span class='ocrx_word' id='word_1_409' title='bbox 1395 4828 1428 4893; x_wconf 91' lang='lat' dir='ltr'>in</span> <span class='ocrx_word' id='word_1_410' title='bbox 1444 4827 1502 4894; x_wconf 89' lang='lat' dir='ltr'>hac</span> <span class='ocrx_word' id='word_1_411' title='bbox 1525 4851 1614 4895; x_wconf 91' lang='lat' dir='ltr'>com·</span> 
     </span>
     <span class='ocr_line' id='line_1_44' title="bbox 250 4930 1614 5023; baseline 0.004 -27"><span class='ocrx_word' id='word_1_412' title='bbox 250 4930 399 5000; x_wconf 86' lang='lat' dir='ltr'>missione</span> <span class='ocrx_word' id='word_1_413' title='bbox 423 4935 638 5015; x_wconf 89' lang='lat' dir='ltr'>continentur,</span> <span class='ocrx_word' id='word_1_414' title='bbox 662 4932 823 5001; x_wconf 86' lang='lat' dir='ltr'>dumtaxat</span> <span class='ocrx_word' id='word_1_415' title='bbox 846 4933 1029 5023; x_wconf 89' lang='lat' dir='ltr'>exequenda</span> <span class='ocrx_word' id='word_1_416' title='bbox 1053 4930 1247 5021; x_wconf 88' lang='lat' dir='ltr'>expedienda</span> <span class='ocrx_word' id='word_1_417' title='bbox 1270 4956 1306 5000; x_wconf 89' lang='lat' dir='ltr'>ac</span> <span class='ocrx_word' id='word_1_418' title='bbox 1329 4933 1440 5021; x_wconf 88' lang='lat' dir='ltr'>plenae</span> <span class='ocrx_word' id='word_1_419' title='bbox 1467 4931 1614 5022; x_wconf 84' lang='lat' dir='ltr'>finalique</span> 
     </span>
    </p>
   </div>
   <div class='ocr_carea' id='block_1_3' title="bbox 0 0 1941 5592">
    <p class='ocr_par' dir='ltr' id='par_1_3' title="bbox 0 0 1941 5592">
     <span class='ocr_line' id='line_1_45' title="bbox 0 0 1941 5592; baseline 0 0"><span class='ocrx_word' id='word_1_420' title='bbox 0 0 1941 5592; x_wconf 95' lang='lat' dir='ltr'> </span> 
     </span>
    </p>
   </div>
  </div>
 </body>
</html>
