3842 5592
296 350 358 413 106
1510 364 1571 435 Juni
1591 380 1666 437 1529.

294 524 530 612 opportunitate
559 524 585 591 si
609 526 755 591 mancara
782 547 855 591 cnm
879 536 989 613 questa
1011 524 1133 592 Maesta
1164 536 1195 592 et
1218 524 1313 592 Rmo.
1342 522 1407 593 1333
1434 522 1466 592 lo
1491 522 1610 607 officio,
1638 523 1667 592 la

294 630 338 695 mi
354 629 555 712 commanda,
580 642 611 698 et
626 631 674 697 sin
692 631 745 719 qui
767 641 895 698 restano
911 629 974 698 beu
990 628 1140 699 satisfatti.
1179 631 1234 698 Ma
1249 630 1366 718 perche
1384 653 1539 718 pensam,
1563 630 1667 698 chela

293 737 402 822 regina
425 737 561 803 omnino
585 734 734 804 mandata
757 736 905 817 aRoma,
929 734 1048 803 voleno
1070 735 1216 824 expedire
1240 739 1334 805 etiam
1359 735 1430 804 loro
1455 759 1512 825 per
1534 735 1666 825 suplicar

292 865 310 908 a
333 842 374 910 N.
398 841 545 928 Signore,
569 865 635 908 non
659 840 747 929 volgi
769 840 815 910 far
837 841 866 909 la
888 843 1077 910 avocatione
1100 840 1140 910 de
1162 855 1271 932 questa
1295 867 1395 910 causa.
1442 843 1481 910 Et
1504 844 1586 911 inter
1608 841 1666 910 alia

292 945 405 1035 allega,
437 947 496 1014 che
519 949 561 1015 N.
585 948 721 1036 Signore
750 951 767 1016 ὲ
795 949 827 1015 in
856 946 1000 1016 manibus
1023 947 1236 1036 imperialium
1265 962 1296 1017 et
1325 948 1383 1016 che
1407 947 1489 1016 alui
1517 949 1667 1017 nouerit

292 1064 397 1120 tutum
419 1052 542 1142 litigare
565 1054 698 1123 Rornae.

396 1160 434 1226 Li
449 1161 525 1227 avisi
549 1158 599 1229 del
615 1159 725 1228 Turco
750 1173 781 1229 et
796 1160 847 1230 del
862 1163 987 1250 Regno,
1012 1161 1215 1251 quantunche
1238 1184 1273 1229 se
1289 1185 1331 1230 ne
1355 1161 1445 1230 habbi
1470 1160 1490 1228 il
1506 1163 1665 1230 riscontro

292 1290 348 1355 per
370 1264 482 1335 lettere
505 1265 544 1337 da
560 1267 707 1350 Venetia,
729 1291 788 1356 pur
807 1267 910 1337 molto
934 1266 1038 1338 satish
1060 1269 1207 1357 aquesti,
1231 1268 1377 1337 intendet
1400 1270 1496 1338 etiam
1519 1291 1574 1357 per
1590 1269 1666 1335 avisi

292 1370 331 1441 da
355 1373 469 1442 Roma.

397 1480 450 1547 Ho
475 1479 592 1547 havuto
615 1479 824 1568 grandissima
852 1480 1074 1549 consolatione
1097 1480 1128 1549 di
1151 1492 1271 1569 quanto
1294 1481 1339 1546 mi
1363 1481 1482 1548 scrivea
1497 1481 1538 1548 V.
1558 1480 1590 1547 S.
1614 1477 1665 1548 del

291 1582 352 1652 ben
376 1597 440 1653 star
463 1585 494 1654 di
517 1586 559 1653 N.
583 1585 736 1675 Signore,
766 1587 824 1655 che
847 1610 903 1674 per
925 1586 1027 1656 littere
1056 1585 1095 1655 da
1114 1587 1250 1654 Venetia
1278 1610 1312 1654 se
1335 1584 1550 1655 intendevano
1579 1599 1664 1655 certe

291 1689 373 1758 male
401 1690 516 1759 novele
545 1705 577 1760 et
600 1692 659 1761 che
687 1694 732 1760 mi
755 1692 907 1762 facevano
934 1706 997 1761 star
1025 1692 1128 1760 molto
1156 1714 1290 1780 sospeso
1320 1704 1351 1760 et
1379 1690 1410 1759 di
1438 1690 1519 1760 mala
1541 1690 1663 1780 volgia;

291 1820 343 1865 ma
370 1820 453 1866 sono
481 1811 551 1868 tuto
579 1821 635 1888 per
662 1801 738 1867 avisi
766 1799 804 1868 da
827 1799 849 1867 li
871 1800 965 1868 XVll
992 1800 1041 1867 sin
1065 1822 1082 1867 3
1105 1798 1125 1865 li
1148 1799 1261 1867 XXVI
1289 1797 1328 1867 de
1352 1799 1471 1885 magio,
1499 1797 1558 1866 che
1586 1799 1664 1885 ogni

290 1905 471 1992 suspicione
498 1907 543 1971 mi
570 1903 689 1973 levono
717 1904 746 1974 le
774 1904 877 1974 littere
905 1906 944 1975 de
967 1907 1007 1973 V.
1032 1906 1064 1973 S.
1093 1918 1124 1974 et
1152 1904 1191 1973 de
1219 1903 1395 1987 Feltrense,
1424 1902 1494 1993 qual
1522 1905 1566 1971 mi
1594 1902 1663 1972 dice

291 2009 386 2078 haver
401 2012 484 2079 visto
508 2024 539 2080 et
561 2010 681 2101 parlato
704 2012 801 2080 aSua
816 2012 945 2095 8331111,
966 2025 998 2080 31
1014 2014 1072 2080 che
1096 2010 1148 2079 nel
1164 2009 1283 2093 colore,
1308 2010 1392 2079 ochii
1417 2022 1447 2077 et
1471 2009 1662 2093 habitudine,

290 2114 329 2183 da
356 2117 410 2204 poi
439 2140 506 2185 non
534 2116 567 2186 lo
596 2118 715 2186 haveva
737 2120 831 2202 visto,
862 2118 882 2186 li
910 2142 1024 2207 pareva
1051 2117 1227 2187 differentia
1254 2128 1373 2207 quanto
1401 2116 1440 2185 da
1468 2115 1603 2184 amalato
1631 2129 1662 2185 et

290 2244 379 2306 sano,
403 2223 462 2290 che
485 2224 549 2291 Dio
573 2224 618 2291 sia
640 2222 775 2292 laudato

394 2329 438 2395 La
460 2331 613 2419 ringratio
641 2329 681 2398 de
703 2330 733 2398 la
754 2332 939 2419 provisione
962 2329 1002 2399 de
1024 2329 1045 2398 li
1069 2329 1173 2398 ducati
1200 2328 1301 2413 mille,
1325 2329 1394 2396 che·
1408 2327 1476 2397 dice
1501 2352 1553 2397 era
1576 2327 1660 2412 latta,

290 2446 321 2503 et
344 2434 447 2503 molto
470 2437 524 2525 piu
551 2436 578 2505 la
602 2460 751 2525 speranza
778 2440 823 2505 mi
846 2437 885 2506 da
913 2436 962 2506 del
987 2436 1037 2506 del
1060 2449 1157 2520 resto,
1188 2436 1246 2505 che
1272 2449 1359 2506 certo
1383 2436 1447 2503 m'e
1475 2434 1578 2504 molto
1607 2460 1661 2503 ne-

289 2543 440 2610 cessario:
464 2565 548 2611 sono
572 2542 624 2612 dui
649 2545 728 2612 mesi
751 2545 836 2612 ch'io
851 2543 931 2612 levai
954 2542 993 2611 da
1015 2567 1081 2611 uno
1098 2543 1282 2611 merchante
1305 2541 1408 2610 ducati
1431 2534 1517 2609 mille
1533 2544 1660 2631 cinque-

288 2661 394 2730 centn,
419 2661 450 2717 et
472 2671 529 2737 per
552 2649 689 2718 haverne
716 2651 770 2739 pila
796 2651 932 2718 termine
956 2674 973 2717 a
995 2649 1126 2739 pagani,
1155 2650 1199 2716 mi
1227 2672 1310 2716 sono
1339 2649 1451 2716 costati
1478 2645 1569 2714 bene.
1615 2648 1659 2715 13

286 2777 387 2843 prego
410 2754 496 2844 vogli
520 2754 565 2823 133
588 2754 652 2824 lare
676 2758 859 2844 provisione
883 2779 900 2823 3
923 2757 1068 2844 Monsgr.
1086 2755 1125 2824 de
1141 2754 1254 2837 Feltre,
1277 2756 1347 2822 acio
1363 2753 1505 2822 secundo
1524 2752 1658 2822 l’ordine

286 2858 307 2925 li
335 2859 488 2929 mandato
517 2863 602 2959 possi
631 2860 769 2930 satislare
798 2875 830 2931 et
857 2886 923 2930 non
952 2864 997 2929 sia
1024 2861 1161 2930 sforzato
1189 2862 1254 2929 1333
1283 2884 1348 2928 nno
1377 2859 1456 2928 altro
1484 2858 1617 2928 tracollo
1641 2884 1658 2927 a

287 2965 400 3034 Roma.

392 3062 435 3140 Di
457 3071 586 3140 Londra
609 3097 627 3140 a
649 3073 669 3140 li
694 3093 730 3140 21
758 3099 864 3163 augno
893 3094 985 3160 1529.

772 3216 828 3284 Uti
851 3215 933 3285 filius
956 3215 1168 3286 deditissimus

1189 3325 1225 3391 L.
1250 3325 1322 3392 Car.
1347 3324 1551 3411 Campegius.

392 3495 436 3563 La
459 3497 580 3565 Maesti
607 3495 657 3565 del
680 3521 714 3566 re
742 3511 774 3567 et
797 3497 836 3567 de
859 3497 889 3567 la
909 3500 997 3567 reina
1024 3513 1134 3589 questa
1162 3503 1293 3568 matrina
1321 3521 1539 3589 comparsero
1555 3500 1587 3564 in
1612 3498 1656 3564 iu·

286 3600 380 3683 dicio,
409 3615 440 3671 et
464 3602 577 3672 sedeva
605 3603 626 3670 il
649 3628 683 3672 re
706 3629 800 3695 sopra
829 3606 860 3674 di
883 3608 938 3674 noi
966 3619 1053 3675 sotto
1078 3631 1121 3673 un
1145 3606 1293 3695 capiciclo
1321 3605 1352 3674 di
1375 3605 1518 3688 brocato,
1547 3617 1578 3672 et
1601 3605 1656 3671 noi

285 3704 328 3793 gli
357 3730 465 3776 eramo
489 3732 604 3777 aman
632 3711 772 3795 sinistra,
801 3724 833 3780 et
855 3711 942 3801 dopo
969 3714 1025 3780 noi
1053 3712 1081 3780 la
1104 3715 1206 3797 reina3
1239 3725 1272 3781 et
1294 3711 1315 3779 il
1338 3736 1372 3780 re
1399 3712 1524 3779 innanzi
1549 3711 1607 3778 che
1630 3712 1658 3778 si

286 3813 494 3882 cominciasse
517 3839 534 3882 a
556 3827 683 3885 trattare
706 3815 797 3900 31130,
824 3817 912 3907 ρ331ὸ
941 3817 1044 3887 molto
1069 3821 1309 3907 copiosamente
1338 3830 1369 3886 et
1392 3841 1454 3885 con
1483 3818 1602 3906 gravita
1624 3829 1656 3883 et

286 3915 385 3984 molta
407 3919 607 3989 vehementia
631 3923 663 3989 in
686 3921 853 3991 iustificare
875 3923 908 3990 lo
926 3936 1131 3993 trattamento
1155 3923 1187 3992 di
1210 3937 1320 4015 questa
1343 3948 1444 4006 causa,
1468 3921 1655 3991 mostrando

285 4022 385 4091 molta
406 4029 583 4095 reverentia
607 4039 638 4095 et
661 4028 868 4110 confidentia,
897 4029 955 4097 che
979 4029 1098 4098 haveva
1120 4031 1239 4099 havuto
1262 4032 1294 4098 in
1318 4031 1359 4099 N.
1385 4030 1521 4117 Siguore
1545 4041 1576 4097 et
1599 4026 1656 4095 alla

285 4127 367 4196 Sede
390 4129 589 4219 Apostolica,
619 4145 651 4201 et
673 4135 880 4222 protestando
904 4134 1018 4224 ch’egli
1047 4160 1114 4205 non
1138 4161 1267 4205 cercava
1290 4136 1369 4205 altro
1393 4137 1452 4204 che
1476 4134 1507 4204 di
1530 4157 1656 4223 sgravar

285 4232 313 4301 la
335 4259 391 4303 sua
414 4238 609 4306 conscientia
632 4252 663 4308 et
686 4238 827 4308 laverita
850 4240 880 4310 di
897 4241 998 4331 quella
1021 4244 1146 4327 iustitia,
1172 4243 1369 4326 mostrand0,
1393 4254 1512 4332 quanto
1535 4241 1587 4310 nel
1610 4243 1655 4308 iu-

285 4340 368 4409 dicio
384 4356 497 4412 nostro
520 4345 546 4411 si
564 4343 740 4413 confidasse
764 4359 795 4414 et
811 4360 929 4436 quanto
953 4372 995 4415 ne
1010 4347 1145 4417 dovesse
1168 4348 1328 4418 confidare
1344 4349 1500 4437 ogn'un0‚
1525 4361 1556 4418 et
1571 4361 1654 4417 tutto

284 4446 367 4515 disse
394 4450 427 4517 in
450 4448 599 4538 Auglese.
650 4451 688 4518 Et
716 4450 736 4518 il
760 4453 855 4521 Rmo,
879 4452 1078 4523 Eboracense
1106 4454 1293 4543 ripigliando
1323 4454 1352 4522 le
1382 4453 1489 4543 parole
1519 4454 1596 4523 lodo
1626 4453 1655 4521 la

284 4552 391 4622 buona
413 4568 521 4624 mente
549 4579 605 4623 sua
633 4569 664 4625 et
691 4557 908 4646 ringratiatolo
937 4558 976 4628 de
1004 4560 1033 4627 la
1061 4562 1216 4649 opinione
1245 4562 1308 4630 che
1337 4562 1455 4630 haveva
1482 4561 1598 4643 desso,
1623 4574 1654 4629 et

283 4659 398 4729 inoltre
414 4664 506 4750 giurh
531 4674 563 4730 et
585 4666 739 4751 pruteno,
763 4664 822 4731 che
844 4666 877 4731 in
893 4678 1006 4755 questo
1030 4666 1146 4735 iudicio
1170 4692 1238 4736 non
1261 4667 1436 4736 haverebbe
1459 4670 1591 4757 rispetto
1615 4666 1654 4736 ad

284 4764 373 4848 altro,
397 4766 456 4834 che
471 4765 527 4834 alla
550 4768 676 4851 iustitia,
700 4779 731 4835 et
753 4780 837 4837 tutto
861 4769 893 4837 fn
916 4769 1005 4840 detto
1028 4774 1061 4841 in
1077 4773 1227 4861 Anglese.
1273 4776 1332 4842 Poi
1354 4775 1448 4845 furon
1472 4775 1539 4844 fatti
1560 4774 1653 4865 quelli

283 4874 352 4955 atti,
381 4872 439 4940 che
463 4874 503 4940 V.
528 4873 559 4941 S.
587 4897 643 4962 per
670 4872 747 4942 altre
774 4876 839 4943 mie
867 4877 1047 4964 intenderl;
1082 4904 1150 4948 nou
1180 4880 1326 4950 havendo
1356 4884 1389 4949 io
1417 4884 1522 4951 inteso
1551 4887 1652 4975 questi

284 4976 478 5068 parlamenti,
501 5002 535 5045 se
559 5001 626 5045 non
648 5002 706 5068 per
728 4979 893 5066 relatione,
916 5007 984 5054 non
1008 5010 1049 5054 ne
1072 5009 1170 5075 posso
1195 4986 1261 5056 dire
1284 4988 1338 5076 pila
1362 4988 1451 5058 oltre.
