3820 5592
315 313 356 379 16
1439 320 1589 380 Dezember
1611 336 1685 394 1527.

314 506 443 576 propter
468 486 531 554 hoc
554 505 641 575 rapta
665 508 732 554 non
754 484 862 569 fuerit,
891 487 1014 555 etiamsi
1042 485 1155 554 mulier
1182 486 1250 573 ipsa
1276 484 1345 552 talis
1368 483 1470 568 fuerit,
1495 508 1574 575 quae
1598 484 1683 573 prius

314 593 473 660 eumalio
503 594 744 660 matrimonium
772 595 979 677 contraxerit,
1012 590 1191 660 dummodo
1222 589 1297 659 illud
1330 592 1443 659 carnali
1474 591 1587 680 copula
1616 612 1684 657 non

314 698 406 767 fuerit
429 710 665 781 consumatum,
697 700 820 767 etiarnsi
843 699 894 766 illa
920 698 977 767 tibi
1004 698 1077 767 alias
1106 696 1249 767 secundo
1276 709 1329 766 aut
1356 698 1523 766 remotiori
1552 718 1686 765 consan-

313 806 475 894 guinitatis
498 816 551 873 aut
573 805 678 893 primo
704 802 863 873 affinitatis
885 805 985 894 gradu
1008 807 1103 874 etiam
1127 829 1166 874 ex
1189 827 1380 895 quocunque
1401 803 1487 872 licito
1503 803 1554 873 vel
1576 803 1683 870 illicito

314 912 400 978 coitu
424 912 633 999 proveniente
649 911 786 979 invicem
804 912 990 993 coniuncta,
1007 910 1187 978 dummodo
1210 909 1318 978 relicta
1334 908 1409 978 dicti
1431 908 1533 977 fratris
1555 909 1601 976 tui
1617 931 1685 975 non

312 1015 415 1099 fuerit,
440 1030 474 1085 ut
496 1015 679 1105 praefertur,
703 1018 825 1085 etiamsi
850 1018 1052 1106 cognationis
1076 1015 1241 1106 spiritualis
1264 1028 1318 1085 aut
1349 1015 1457 1105 legalis
1485 1027 1517 1084 et
1545 1012 1686 1103 publicae

314 1123 489 1192 honestatis
511 1123 647 1191 iustitiae
669 1121 937 1212 impedimentum
951 1122 1099 1192 subsistat
1123 1135 1155 1192 et
1177 1122 1234 1192 tibi
1249 1124 1419 1191 coniuncta
1436 1123 1556 1205 existat,
1580 1121 1685 1189 matri-

313 1231 460 1297 monium
484 1228 567 1297 licite
590 1230 778 1297 contrahere
802 1242 833 1298 et
855 1241 1025 1319 postquam
1055 1242 1254 1299 contractum
1276 1227 1384 1312 fuerit,
1415 1229 1448 1296 in
1478 1252 1517 1296 eo
1541 1230 1585 1295 sic
1609 1251 1685 1296 con·

312 1348 425 1419 tracto,
449 1336 571 1403 etiarnsi
595 1333 670 1403 illud
698 1337 780 1404 inter
802 1355 834 1404 te
858 1347 889 1405 et
912 1338 1013 1425 ipsam
1036 1337 1203 1405 mulierem
1227 1339 1288 1404 iam
1319 1335 1359 1404 de
1381 1335 1465 1403 facto
1488 1334 1612 1424 publice
1634 1334 1685 1403 vel

313 1440 507 1510 clandestine
531 1453 729 1510 contractum
747 1455 778 1511 et
796 1443 911 1510 carnali
930 1442 1042 1532 copula
1058 1455 1282 1512 consumatum
1297 1441 1400 1525 hierit,
1422 1442 1506 1510 licite
1521 1464 1686 1510 remanere

312 1548 450 1632 valeatis,
474 1549 659 1616 auctoritate
675 1549 848 1638 apostolica
869 1560 903 1617 et
919 1574 958 1616 ex
981 1569 1065 1617 certa
1088 1561 1197 1618 nostra
1218 1550 1348 1617 scientia
1370 1572 1407 1616 ac
1431 1547 1469 1616 de
1493 1548 1684 1637 apostolicae

311 1655 477 1744 potestatis
504 1654 700 1743 plenitudine
728 1674 842 1724 tenore
872 1657 1087 1745 praesentium
1116 1654 1347 1745 dispensamus,
1372 1655 1494 1744 prolem
1525 1653 1599 1722 inde
1621 1653 1685 1721 for·

313 1785 369 1829 san
393 1772 572 1849 susceptam
597 1772 629 1829 et
651 1760 884 1851 suscipiendam
907 1761 1083 1850 legitimam
1107 1761 1175 1830 fore
1199 1761 1416 1830 decernentes
1462 1761 1541 1829 Non
1557 1759 1685 1829 obstan·

313 1867 395 1936 tibus
418 1866 684 1956 prohibitionibus
707 1869 782 1936 iuris
806 1867 903 1936 divini
926 1892 963 1935 ac
986 1867 1265 1936 constitutionibus
1289 1880 1321 1936 et
1344 1866 1595 1936 ordinationibus
1618 1867 1684 1935 aliis

314 1973 552 2065 quibuscunque
575 1976 607 2041 in
624 1977 818 2043 contrarium
836 1974 937 2057 editis,
962 1974 1074 2065 quibus
1097 1977 1129 2042 in
1153 1987 1307 2065 quantum
1323 1975 1491 2042 auctoritas
1512 1973 1684 2062 apostolica

314 2104 348 2149 se
373 2078 524 2163 extendit,
548 2079 606 2147 illis
630 2080 704 2148 alias
726 2082 758 2148 in
783 2104 842 2149 suo
866 2081 983 2149 robore
1007 2083 1213 2165 remansuris,
1241 2080 1345 2172 quoad
1370 2080 1432 2149 hoc
1456 2079 1631 2169 specialiter
1653 2092 1684 2148 et

315 2209 461 2277 expresse
485 2186 687 2275 derogamus,
711 2185 879 2256 districtius
895 2186 1100 2276 prohibentes
1117 2190 1196 2256 etin
1212 2189 1326 2257 virtute
1342 2199 1468 2255 sanctae
1485 2185 1684 2255 obedientiae

314 2315 461 2383 expresse
484 2292 670 2361 mandantes
693 2292 751 2361 sub
774 2295 1033 2362 interminatione
1056 2294 1153 2364 divini
1175 2292 1281 2362 iudicii
1304 2317 1340 2362 ac
1362 2292 1419 2361 sub
1438 2316 1543 2383 poena
1558 2293 1685 2362 anathe-

314 2401 407 2467 matis
435 2398 565 2489 aliisque
589 2400 807 2468 ecclesiasticis
829 2402 1011 2484 sententiis,
1042 2402 1183 2468 censuris
1206 2418 1238 2468 et
1261 2400 1393 2488 poenis,
1423 2422 1500 2488 quas
1530 2422 1569 2467 ex
1599 2422 1684 2466 nunc

313 2518 409 2594 prout
432 2517 569 2574 extunc
593 2518 625 2575 et
648 2529 666 2573 e
689 2529 847 2576 converso
871 2505 1002 2575 ferimus
1025 2518 1057 2575 et
1078 2507 1319 2596 promulgamus
1342 2508 1374 2575 in
1404 2506 1453 2573 his
1481 2506 1604 2594 scriptis
1626 2505 1683 2573 sub

314 2635 435 2700 poena,
470 2634 511 2679 ne
542 2615 707 2703 quisquam
739 2615 771 2680 in
804 2625 969 2703 posterum
1005 2613 1103 2680 ullum
1135 2604 1401 2702 impedimentum
1428 2623 1684 2700 praecontractus

313 2719 507 2787 matrimonii
541 2742 609 2786 non
642 2721 820 2788 consumati
849 2718 901 2788 vel
935 2721 1217 2808 consanguinitatis
1252 2720 1285 2786 in
1318 2717 1460 2787 secundo
1495 2731 1548 2788 aut
1579 2718 1683 2786 ultiori

313 2824 426 2913 gradu,
454 2822 614 2893 affinitatis
642 2828 762 2915 primo,
790 2837 825 2894 ut
852 2825 1039 2914 praefertur,
1069 2826 1271 2915 cognationis
1299 2824 1466 2913 spiritualis
1493 2836 1546 2892 aut
1576 2823 1683 2912 legalis

313 2954 370 2998 seu
393 2931 528 2998 iustitiae
543 2928 685 3019 publicae
709 2931 883 2999 honestatis
899 2932 1166 3021 impedimentum
1189 2929 1384 3021 praedictum
1403 2929 1552 3000 adversus
1567 2930 1683 3000 liberos

313 3047 397 3119 tuos,
420 3058 501 3125 quos
518 3059 557 3103 ex
580 3060 771 3127 quocunque
788 3039 994 3106 matrimonio
1017 3041 1129 3127 vigore
1152 3039 1364 3127 praesentium
1385 3036 1606 3106 contrahendo
1622 3037 1684 3106 Dei

314 3140 508 3229 benignitate
524 3145 709 3231 susceperis,
732 3144 833 3233 palam
853 3143 903 3213 vel
926 3144 1050 3214 occulte
1071 3146 1105 3213 in
1127 3143 1245 3213 iudicio
1266 3144 1319 3213 vel
1334 3155 1420 3212 extra
1443 3143 1517 3211 illud
1541 3143 1684 3232 allegare,

313 3270 495 3338 proponere
526 3260 580 3317 aut
614 3248 768 3334 obiicere,
805 3274 860 3318 seu
891 3250 990 3318 verbo
1022 3250 1073 3320 vel
1106 3249 1189 3319 facto
1222 3249 1383 3319 diffamare
1416 3270 1595 3339 praesumat
1631 3267 1683 3318 aut

313 3377 504 3445 quocunque
527 3354 628 3422 modo
651 3367 792 3424 attentet.
838 3355 924 3425 Nulli
948 3379 1026 3446 ergo
1050 3369 1110 3426 etc.
1143 3444 1146 3449 Α

417 3461 535 3529 Datum
568 3462 600 3528 in
633 3462 757 3531 civitate
786 3475 895 3531 nostra
925 3462 1126 3532 Urbevetana
1167 3466 1215 3530 16.
1252 3461 1397 3531 calendas
1430 3462 1566 3547 Januarii
1601 3482 1682 3551 1527

312 3565 518 3636 Pontificatus
542 3569 644 3637 nostri
667 3591 752 3637 anno
776 3571 898 3658 quinto.

518 3727 599 3782 Arch.
623 3727 708 3783 Vatic.
750 3727 829 3783 Varia
863 3729 1046 3800 politicorum,
1079 3728 1131 3784 vol.
1160 3744 1210 3802 159
1242 3746 1267 3783 n.
1302 3744 1341 3784 ro.
1382 3727 1470 3800 Kopie
1498 3729 1547 3781 mit
1577 3728 1683 3800 einigen

418 3815 640 3883 Schreibsehlem,
654 3825 730 3871 sonst
738 3817 801 3871 aber
813 3817 875 3871 sehr
884 3817 1026 3890 sorgsailtig
1035 3818 1220 3890 geschrieben.
1239 3816 1370 3871 Dasselbe
1380 3816 1460 3871 siuet
1470 3816 1536 3871 Bibl.
1549 3816 1684 3870 barberini

420 3903 546 3958 XXXIV.
574 3921 606 3976 19
629 3903 646 3959 l.
673 3905 731 3972 rao,
754 3904 820 3961 Bibl.
845 3903 952 3960 Corsini
976 3906 1035 3961 cod.
1060 3920 1118 3974 244,
1144 3904 1161 3962 f.
1189 3906 1246 3972 148.
1289 3905 1424 3960 Gedrucltt
1452 3906 1494 3959 bei
1517 3905 1630 3959 Herbert
1655 3904 1688 3959 of

417 3991 565 4064 Cherbury,
585 3991 645 4046 The
664 3992 709 4047 lile
734 3992 786 4046 aad
803 3994 880 4065 reign
898 3994 931 4049 ol
945 3995 1038 4068 Henry
1057 3994 1129 4050 VllL
1159 3993 1275 4050 London
1305 3994 1379 4065 1706,
1398 4012 1424 4066 p.
1445 4009 1503 4066 119,
1522 3993 1683 4065 neuerdings

419 4081 462 4135 bei
478 4080 594 4148 Pococlc,
613 4080 629 4136 l.
648 4099 671 4136 c.
690 4081 710 4136 1.
729 4100 754 4154 p.
773 4096 885 4152 22-27.
922 4083 970 4138 Bei
988 4083 1102 4139 Herbert
1125 4083 1179 4137 und
1196 4082 1305 4138 Pococlt
1324 4082 1377 4136 und
1395 4082 1507 4137 anchin
1527 4082 1573 4136 der
1597 4082 1683 4153 Kopie

420 4168 467 4222 der
485 4169 540 4223 Bib.
560 4168 637 4224 Cors.
658 4169 724 4224 fehlt
742 4169 789 4225 der
808 4170 895 4226 Name
915 4173 1035 4228 Arthurs.
1055 4172 1189 4243 Dagegen
1215 4173 1262 4226 hat
1286 4170 1359 4226 diese
1377 4169 1493 4236 lletztere
1519 4170 1561 4224 die
1585 4170 1682 4226 Umer-

418 4256 524 4312 schrift:
553 4258 581 4312 B.
606 4238 694 4312 hlotta
718 4258 752 4312 de
778 4259 914 4315 mandato.
952 4259 1087 4316 Clemens.
1112 4261 1166 4315 und
1188 4259 1259 4314 dana
1286 4259 1329 4315 die
1349 4259 1493 4331 folgenden
1523 4259 1682 4314 Vermerlte:

418 4344 493 4399 Bulla
522 4346 619 4417 scripta
649 4347 750 4401 minuta
779 4365 861 4403 manu
885 4352 991 4422 propria
1013 4351 1079 4405 Rev.
1104 4349 1242 4405 cardinalis
1270 4348 1403 4409 laurentii
1431 4366 1465 4403 ss.
1491 4358 1615 4421 quatuor,
1649 4348 1682 4404 de

418 4434 590 4488 matrimonio
614 4432 774 4490 Catherinae
799 4436 908 4492 relictae
936 4439 1071 4509 quondam
1102 4438 1186 4493 fratris
1209 4438 1281 4508 regis
1306 4436 1421 4509 Angliae
1445 4454 1500 4491 non
1527 4438 1682 4508 ignorantes

419 4530 469 4576 etc.
511 4520 543 4576 ln
570 4520 740 4577 Urbevetana
768 4525 833 4578 urbe
862 4541 903 4581 ro.
928 4526 1013 4581 calen.
1040 4527 1156 4598 Januarii
1182 4542 1254 4581 anno
1282 4526 1383 4597 quinto.
1423 4525 1517 4580 Motta.
1555 4525 1684 4581 Correcta

418 4618 458 4664 est
482 4611 583 4666 minuta
607 4612 685 4665 certis
709 4613 796 4667 verbis
825 4614 851 4667 in
875 4614 997 4686 Margine
1020 4630 1068 4686 per
1093 4613 1263 4669 Clementem
1289 4615 1389 4686 Papam
1418 4631 1499 4667 manu
1523 4632 1570 4668 sua
1594 4629 1681 4669 secre-

418 4700 528 4753 tissime.
566 4699 600 4753 Es
619 4699 722 4754 scheiut
741 4701 886 4778 demnach,
911 4701 967 4756 dass
991 4711 1068 4757 unter
1090 4702 1142 4757 den
1166 4701 1375 4757 verschiedenen
1399 4700 1567 4773 Passungen,
1590 4702 1633 4757 die
1652 4720 1681 4757 es

419 4804 473 4841 von
496 4786 542 4840 der
560 4786 748 4860 Dispensbulle
767 4790 848 4861 giebt,
872 4789 914 4844 die
938 4790 1117 4845 vorstehende
1142 4790 1183 4845 die
1192 4789 1390 4862 “authentische
1413 4791 1454 4846 ist.
1491 4790 1599 4845 Pococlr
1621 4791 1682 4846 liest

418 4873 513 4928 zudem
536 4875 632 4929 immet
649 4875 703 4930 hoc
721 4878 922 4933 matrimonium
940 4896 964 4933 u.
984 4895 1005 4935 s.
1024 4897 1059 4934 w.
1078 4888 1141 4933 statt
1159 4878 1312 4934 huiusmodi
1329 4895 1375 4945 m,
1394 4879 1493 4934 einmal
1515 4879 1593 4933 liceat
1619 4890 1682 4935 statt

417 4962 500 5029 licite,
519 4980 563 5016 am
575 4963 700 5019 Schlusse
713 4964 910 5036 impedimentis
923 4967 1064 5038 praedictis
1077 4976 1140 5022 statt
1152 4967 1374 5041 impedimentum
1386 4967 1551 5038 praedictum
1564 4985 1588 5022 u.
1602 4984 1623 5023 s.
1636 4987 1681 5037 w.,
