3820 5592
276 276 319 346 20
1453 287 1550 369 Ianuar
1572 289 1647 366 1528.

274 455 487 546 sperabamus,
517 479 578 524 nec
600 455 626 523 si
649 474 762 545 postea
791 453 891 524 secuti
919 466 993 523 sunt
1024 473 1157 523 eventus
1186 452 1337 538 infelices,
1367 454 1575 545 improbanda
1599 478 1646 526 est

275 565 355 632 ratio
371 574 556 631 nostrorum
573 561 791 644 consiliorum,
811 585 891 651 quae
906 562 1149 650 prosperitatem
1165 560 1238 629 licet
1256 584 1323 628 non
1342 560 1515 646 habuerint,
1538 575 1646 632 umen

274 682 468 737 meruerunt.
514 669 623 750 Quare
647 668 978 757 Circumspectionem
1001 666 1107 735 Tuam
1139 678 1171 735 et
1204 665 1368 735 hortamur
1399 679 1430 735 et
1458 670 1646 757 requirimus

272 774 445 864 plurimum
474 776 505 840 in
529 773 686 856 Domin0,
717 775 856 863 primurn
880 785 914 842 ut
945 773 1026 840 banc
1055 784 1198 840 nostram
1229 770 1326 840 fidem
1351 794 1382 841 et
1413 774 1645 857 testimonium,

274 880 361 972 quod
384 904 443 970 pro
466 882 597 949 veritate
626 892 658 948 et
680 881 864 948 innocentia
894 877 1090 962 exhibemus,
1120 880 1245 947 reiectis
1275 879 1507 948 malevolorum
1530 880 1647 949 calum·

273 988 334 1054 niis
357 986 449 1055 solita
472 985 628 1074 probitate
645 985 824 1075 expendere
847 1010 883 1054 ac
899 984 963 1054 fide
985 986 1145 1073 suscipere
1169 983 1358 1074 deindeque,
1382 987 1406 1052 si
1424 984 1517 1054 nobis
1539 988 1572 1054 in
1588 988 1646 1055 hac

272 1116 307 1160 re
336 1091 531 1161 credendum
561 1104 663 1182 putat,
693 1091 813 1160 dictum
841 1090 1048 1174 cardinalem,
1079 1092 1132 1181 qui
1162 1092 1194 1158 in
1222 1089 1340 1159 tuenda
1370 1091 1646 1183 perpetuandaque

272 1197 494 1267 benevolentia
522 1210 555 1267 et
577 1200 806 1266 coniunctione
828 1197 994 1267 vobiscum
1024 1210 1133 1266 nostra
1159 1220 1287 1286 semper
1315 1197 1500 1282 elaboravit,
1529 1198 1644 1267 eodem

272 1305 346 1372 loco
370 1306 488 1372 amoris
512 1316 543 1372 et
558 1302 702 1387 fiduciae,
725 1328 790 1395 quo
807 1306 903 1394 prius,
928 1305 1042 1372 habere
1065 1302 1147 1392 apud
1169 1315 1201 1372 te
1225 1315 1257 1371 et
1273 1302 1412 1371 eundem
1434 1327 1545 1393 regem
1561 1306 1646 1391 velit,

273 1430 307 1479 ut
330 1411 399 1499 plus
423 1413 452 1478 ei
475 1412 576 1479 nostri
598 1412 775 1480 testimonii
797 1412 912 1481 veritas
935 1410 1017 1499 apud
1040 1434 1099 1478 vos
1122 1408 1294 1500 profuisse,
1321 1434 1415 1501 quam
1440 1411 1573 1479 aliorum
1597 1437 1646 1480 ca-

272 1517 392 1584 lumnia
414 1519 562 1585 nocuisse
585 1516 736 1586 videatur.
775 1518 847 1586 Nos
870 1516 999 1608 quidem
1022 1518 1192 1585 iustissime
1223 1515 1402 1585 laboramus
1425 1541 1484 1607 pro
1513 1518 1646 1586 homine

273 1646 341 1691 non
363 1624 467 1691 solum
498 1624 591 1691 huius
615 1623 740 1711 culpae,
764 1624 852 1691 cuius
880 1624 913 1690 in
942 1624 1151 1713 suspitionem
1175 1643 1317 1706 vocatur,
1347 1647 1477 1713 prorsus
1506 1637 1645 1714 experte,

272 1728 328 1797 sed
352 1731 447 1797 etiam
471 1728 563 1798 nobis
586 1754 711 1798 summe
727 1741 859 1820 accepto
883 1741 915 1798 et
930 1743 1033 1817 grato,
1057 1731 1145 1797 cuius
1168 1752 1242 1797 cum
1258 1731 1372 1798 virtute
1395 1729 1561 1818 prudentia
1579 1730 1642 1800 lide

203 1886 207 1891 -
273 1833 417 1904 doctrina
440 1837 472 1903 in
496 1837 641 1904 maximis
658 1835 748 1905 Sedis
764 1835 970 1924 Apostolicae
992 1837 1131 1923 negotiis
1154 1838 1202 1903 usi
1218 1859 1345 1926 semper
1367 1835 1519 1906 fuerimus
1537 1840 1645 1928 utique

220 1996 228 2007 .
272 1943 432 2031 inpostea
454 1940 666 2025 intendamus,
690 1944 886 2010 nuncetiam
909 1944 1047 2009 maxime
1063 1941 1218 2009 utendum
1235 1941 1392 2025 duximus,
1415 1942 1499 2011 urbis
1518 1956 1646 2011 nostrae

273 2071 346 2116 cura
373 2048 431 2116 sibi
455 2050 627 2117 commissa
649 2048 873 2138 legationeque
895 2046 961 2130 illa,
988 2072 1069 2138 quae
1092 2066 1124 2116 et
1148 2046 1366 2117 dexteritatem
1391 2061 1422 2117 et
1444 2048 1644 2138 prudentiam

271 2177 480 2245 permagnam
510 2153 789 2245 difficultatemque
818 2178 887 2222 non
910 2156 1071 2222 minorem
1101 2155 1191 2223 inse
1218 2154 1321 2237 habet,
1349 2156 1379 2223 ei
1400 2159 1567 2246 praecipue
1591 2156 1644 2225 de·

272 2262 340 2330 lata.
377 2262 447 2330 Nec
462 2273 623 2349 praeterea
638 2280 795 2350 putamus,
812 2283 881 2328 rem
897 2284 966 2329 esse
981 2260 1077 2329 ullam
1093 2262 1294 2351 quantumvis
1309 2260 1438 2329 arduam
1456 2274 1488 2331 et
1503 2285 1644 2351 gravem,

273 2391 353 2458 quae
376 2391 443 2435 non
466 2366 547 2434 illius
570 2365 644 2435 fidei
668 2378 699 2434 et
722 2365 870 2455 prudenti
893 2364 1010 2433 iudicio
1027 2379 1112 2435 recte
1136 2368 1295 2435 committi
1318 2370 1429 2456 possit,
1452 2392 1549 2458 quem
1571 2392 1644 2436 cum

272 2472 315 2541 ob
346 2496 397 2542 eas
427 2496 477 2541 res
505 2475 643 2541 maxime
674 2496 781 2540 carum
810 2471 980 2540 habeamus
1009 2492 1040 2540 et
1069 2474 1157 2540 istius
1188 2474 1271 2560 regis
1300 2486 1331 2540 et
1358 2472 1449 2541 Tuae
1480 2477 1645 2563 praecipue

274 2580 589 2669 Circumspectionis,
612 2578 757 2669 aquibus
773 2591 862 2646 tanto
880 2589 927 2646 est
946 2576 1104 2646 beneficio
1120 2576 1260 2659 affectus,
1284 2577 1551 2646 studiosissimum
1577 2604 1646 2647 esse

274 2711 309 2755 ac
331 2686 401 2755 fore
429 2687 665 2776 perspiciamus,
694 2709 761 2753 non
783 2708 954 2774 possumus
985 2686 1052 2752 eius
1076 2697 1107 2753 et
1135 2686 1271 2752 insontis
1294 2704 1326 2751 et
1349 2708 1367 2751 a
1390 2684 1482 2752 nobis
1510 2684 1647 2753 absentis

274 2791 357 2882 apud
372 2815 431 2861 vos
453 2814 512 2880 pro
536 2792 670 2859 iustitiae
694 2788 801 2860 debito
816 2789 927 2859 tuendi
950 2814 1057 2858 curam
1081 2814 1147 2858 non
1170 2792 1338 2879 suscipere,
1363 2813 1457 2880 quam
1481 2810 1511 2859 et
1535 2778 1648 2860 merita

276 2902 342 2968 eius
366 2910 397 2968 et
420 2917 530 2966 noster
558 2900 592 2965 in
615 2896 701 2965 illum
726 2920 871 2965 summus
901 2920 993 2965 amor
1020 2897 1167 2986 postulat.
1214 2897 1330 2965 Sumus
1354 2909 1438 2965 certe
1462 2920 1480 2964 a
1503 2897 1646 2966 Circum-

275 3005 439 3094 spectione
455 3004 527 3071 Tua
548 3003 761 3090 gratissimum
786 3002 918 3071 habituri
941 3002 1036 3093 idque
1057 3002 1094 3071 ab
1111 3027 1147 3072 ea
1170 3003 1282 3091 cupide
1299 3015 1511 3092 expectamus,
1535 3005 1562 3070 si
1583 3003 1646 3072 fide

276 3110 369 3179 nobis
392 3109 496 3178 habita
519 3109 745 3198 calumniisque
769 3109 1000 3179 malevolorum
1023 3133 1080 3198 per
1098 3129 1188 3179 tuam
1218 3111 1408 3198 probitatem
1433 3109 1570 3198 depulsis
1593 3133 1648 3177 eo·

277 3217 351 3285 dem
374 3239 439 3307 quo
462 3228 555 3284 antea
584 3214 658 3282 loco
682 3227 714 3284 et
736 3217 854 3283 amoris
878 3236 909 3284 et
931 3214 1065 3285 fiduciae
1096 3216 1234 3285 eundem
1258 3216 1448 3284 cardinalem
1473 3240 1541 3285 esse
1564 3216 1647 3305 apud

276 3347 336 3393 vos
352 3323 500 3405 volueris,
523 3323 577 3411 qui
598 3344 726 3409 semper
748 3323 882 3390 annixus
898 3334 956 3405 est,
980 3335 1013 3391 ut
1036 3346 1097 3390 nos
1113 3322 1278 3392 vobiscum
1302 3321 1398 3391 iidem
1418 3346 1571 3407 essemus,
1594 3324 1648 3413 qui

278 3453 404 3518 semper
426 3428 605 3497 fuissemus.

383 3554 455 3621 Dat.
480 3554 511 3619 in
536 3553 595 3619 civ.
619 3563 727 3619 nostra
750 3550 951 3621 Urbevetana
974 3551 1024 3620 die
1049 3555 1100 3619 28.
1124 3553 1189 3620 lan.
1219 3554 1300 3637 1528
1324 3575 1410 3619 anno
1434 3553 1557 3641 quinto.

1356 3694 1489 3762 Blosius.

641 3924 820 3992 Clemens
839 3925 910 3992 vll,
933 3948 974 3991 an
997 3924 1183 3993 Heinrich
1203 3924 1287 3993 VIII.

386 4081 506 4135 Gleicben
524 4071 634 4136 inbelles
651 4085 701 4135 wie
718 4083 765 4137 das
782 4083 952 4149 vorslehende,
974 4084 1034 4138 aber
1051 4083 1212 4138 betra'chtliclr
1229 4085 1328 4154 barret.
1365 4082 1464 4138 Datum
1482 4084 1536 4137 und
1557 4083 1649 4137 Ualer-

278 4171 368 4241 rcbrijl
385 4172 435 4224 wie
453 4170 521 4224 oben.

491 4311 567 4366 Brev.
586 4312 649 4365 mIn.
670 4310 710 4365 Cl.
725 4311 784 4367 Vll.
803 4311 856 4366 vol.
877 4327 918 4379 21,
943 4331 969 4367 n.
992 4313 1022 4381 58
1045 4330 1070 4367 u.
1092 4328 1132 4383 57.
1169 4313 1250 4367 Beide
1276 4311 1372 4367 Stucke
1397 4313 1505 4383 bingen
1530 4314 1577 4367 mit
1602 4311 1649 4366 der

385 4400 542 4471 englischen
560 4398 716 4469 fordemng
738 4418 771 4454 an
790 4400 842 4454 den
861 4400 941 4471 Papst
960 4417 1128 4468 zusammen,
1153 4403 1230 4456 emen
1249 4401 1370 4473 Legaten
1389 4400 1458 4455 nach
1477 4400 1599 4471 England
1617 4417 1648 4453 zu

385 4488 494 4542 senden.
531 4487 575 4542 An
594 4497 678 4542 erster
697 4488 778 4543 Stelle
796 4489 934 4560 verlangte
952 4507 1015 4543 man
1034 4488 1086 4544 den
1104 4489 1184 4544 Kard
1204 4490 1383 4561 Campeggio,
1403 4490 1456 4543 und
1474 4489 1557 4543 durch
1576 4488 1649 4542 diese

384 4577 606 4632 wahrscheinlich
624 4576 732 4632 filtiven
750 4577 891 4648 Anklagen
909 4594 999 4649 gegen
1018 4577 1070 4632 den
1089 4576 1213 4632 Kardinal
1239 4578 1317 4633 sollte
1336 4577 1411 4633 wohl
1430 4595 1480 4631 nur
1498 4578 1541 4631 eiu
1560 4576 1650 4631 Druck

385 4665 433 4719 auf
447 4665 592 4720 denselben
610 4665 829 4737 geubt‘werden,
848 4665 930 4720 damit
949 4683 977 4720 er
996 4684 1041 4720 mn
1059 4683 1091 4721 so
1110 4666 1308 4738 bereitwiIIIger
1326 4666 1372 4720 das
1391 4665 1566 4720 domenvolle
1584 4665 1649 4719 Amr

385 4753 471 4808 dieser
489 4754 621 4825 Legation
646 4753 693 4808 auf
708 4755 765 4808 sich
783 4754 890 4809 nehme.
923 4754 1015 4825 Vergl.
1034 4755 1141 4823 burnet,
1160 4755 1221 4809 The
1239 4755 1300 4810 hist.
1319 4754 1352 4808 ol
1366 4755 1413 4808 the
1431 4752 1551 4809 Reform.
1584 4752 1648 4833 (Jul-

385 4841 484 4895 lection
503 4842 535 4897 ll.
554 4857 635 4912 n.13.
666 4843 775 4896 Brewer
793 4841 839 4898 IV.
858 4860 884 4897 n.
900 4842 965 4915 3693
986 4861 1010 4898 u.
1026 4859 1102 4915 3913·
1138 4844 1190 4897 Die
1208 4843 1356 4915 papstliche
1374 4842 1516 4897 Delcretale
1535 4860 1558 4896 a.
1577 4859 1600 4897 a.
1614 4840 1649 4897 Ο.

386 4942 446 4999 234
473 4930 499 4986 S.
519 4930 587 4983 auch
605 4942 686 4985 unten
706 4929 752 4985 Nr.
773 4945 814 4999 25.
