3836 5598
261 325 323 383 1531
347 302 415 385 juni.
1045 312 1050 322 “
1570 293 1629 363 III

258 473 331 528 Folle
353 475 445 528 kdnnte
467 474 541 528 deicht
562 476 609 527 der
629 474 718 545 Adsoll
736 468 868 546 Englands
892 468 1015 546 erfodgen,
1040 469 1186 530 verbunden
1211 475 1259 529 mit
1278 471 1391 546 grojsem
1412 474 1502 528 Unheil
1516 475 1567 544 fro
1590 476 1632 527 dic

256 581 338 634 goare
358 562 533 617 Christenher't.
575 563 671 617 Wrtrde
688 580 749 617 man
767 558 820 618 oon
839 563 903 618 Rom
922 566 994 616 einen
1014 564 1125 635 Legaten
1144 564 1208 618 nach
1223 563 1348 617 Cambror'
1364 563 1484 628 schr'cken,
1501 580 1528 617 so
1547 563 1633 634 drtrste

258 652 386 705 vieIIeicht
404 652 468 705 auch
487 652 610 706 Heinrich
628 655 713 706 seinrn
732 639 896 706 Wr'derstond
911 671 993 723 gagen
1012 654 1054 706 die
1072 652 1276 724 Durchsdhrung
1294 653 1336 705 des
1356 651 1479 722 Processes
1500 653 1632 725 ausgeberr,

259 742 312 794 rand
329 742 411 794 durarit
434 747 506 795 wdre
523 743 566 794 die
584 742 700 813 Kdm'gin
718 741 905 812 sr'chergestrllt,
927 742 986 810 dass
1002 743 1038 795 sie
1057 741 1124 795 nr'cht
1146 742 1193 794 der
1211 741 1323 794 Wr'IIIrrIr
1340 742 1383 794 des
1402 740 1500 812 Konigs
1518 741 1632 795 onheim-

256 828 366 898 gegeben
390 832 430 894 ist,
452 831 576 884 wdhrmd
598 831 641 884 die
659 829 853 900 Kontrrmaritdt
872 828 1008 883 Heinrichs
1029 832 1065 882 sie
1086 830 1132 882 der
1154 830 1268 900 grossten
1286 829 1384 900 Gesahr
1406 837 1518 899 aussctat.
1554 830 1633 884 Cam-

256 918 350 986 peggio
369 923 442 988 indge
458 918 538 973 daher
558 918 657 972 Bericht
676 926 804 983 erstatten,
822 919 935 971 wieder
957 917 1048 972 Kaisar
1066 918 1150 971 diesen
1169 917 1305 988 Vorschlag
1324 918 1464 988 ausnehme.

365 1075 476 1143 Scrissi
499 1077 550 1164 gia
573 1100 629 1165 per
651 1076 748 1145 l'aItra
772 1075 811 1144 ad
835 1078 952 1145 Vostra
975 1077 1122 1165 Signoria
1147 1077 1236 1145 Rma.
1262 1075 1340 1144 della
1357 1078 1513 1160 instantia,
1538 1078 1596 1145 che
1613 1076 1633 1143 iI

260 1180 384 1249 Sermo.
409 1180 626 1270 d'InghiIterra
650 1182 689 1266 fa,
713 1184 829 1272 perche
852 1184 880 1251 la
896 1206 988 1251 causa
1011 1185 1037 1250 si
1053 1194 1228 1251 commetta
1251 1206 1309 1271 pur
1331 1184 1364 1249 in
1380 1183 1577 1272 Inghilterra,
1601 1196 1632 1252 et

260 1285 383 1354 benche
406 1290 508 1377 questi
532 1289 659 1377 Signori
684 1288 902 1358 ambasciatori
926 1291 1030 1358 stiano
1048 1289 1139 1357 fermi
1163 1291 1194 1356 in
1211 1301 1320 1379 questa
1337 1289 1507 1373 domanda,
1531 1315 1632 1379 penso

261 1394 319 1460 che
343 1394 470 1483 quando
494 1395 570 1464 Iasi
595 1410 822 1464 commettesse
838 1396 983 1465 aImanco
1007 1396 1046 1465 de
1069 1396 1098 1463 la
1120 1396 1159 1464 da
1183 1398 1286 1464 monti
1310 1398 1342 1463 in
1358 1395 1432 1464 loco
1456 1399 1633 1486 insuspetto

261 1523 277 1567 a
301 1523 437 1568 nessuna
461 1501 541 1570 delle
565 1503 654 1591 parti,
678 1502 779 1592 quella
803 1503 923 1571 Maesta
947 1526 987 1570 ne
1018 1504 1145 1571 resteria
1167 1504 1246 1570 assai
1273 1502 1334 1570 ben
1358 1517 1531 1586 contenta,
1560 1517 1590 1573 et
1614 1504 1634 1570 li

262 1608 404 1674 nominai
427 1608 527 1675 anche
544 1608 703 1698 Cambray
722 1632 778 1698 per
793 1609 904 1698 luogo,
927 1608 1011 1677 dove
1027 1633 1061 1677 se
1077 1609 1208 1676 havesse
1224 1633 1241 1676 a
1261 1623 1482 1691 commettere,
1506 1610 1633 1700 quando

262 1712 302 1779 V.
326 1712 357 1780 S.
383 1713 474 1782 Rma.
498 1714 645 1798 vedesse,
678 1716 737 1783 che
760 1714 822 1783 Sua
845 1715 966 1783 Maesta
989 1715 1125 1784 Cesarea
1153 1737 1210 1803 per
1237 1714 1265 1782 Ia
1293 1727 1380 1803 parte
1410 1714 1490 1783 della
1513 1715 1632 1783 Serma.

261 1820 370 1907 regina
393 1844 427 1887 se
451 1821 615 1890 n'havesse
638 1845 656 1888 a
679 1833 854 1889 contentas.
902 1821 995 1889 OItre
1019 1820 1039 1887 iI
1062 1820 1202 1910 periculo
1218 1820 1289 1888 dell'
1313 1820 1484 1889 alienation
1507 1821 1538 1890 di
1562 1823 1635 1911 quel

262 1949 363 2014 regno
394 1925 471 1995 dalla
499 1928 580 1996 Sede
605 1927 789 2017 Apostolica
818 1932 836 1995 e
863 1927 902 1996 da
926 1927 1107 1996 considerat
1135 1927 1251 2009 anche,
1281 1941 1400 2016 quanto
1428 1929 1557 2017 importi
1585 1928 1634 1997 alli

261 2035 401 2120 presenti
424 2033 550 2122 bisogni
582 2033 661 2102 deIIa
690 2035 874 2118 cristianita,
901 2048 992 2103 tener
1020 2033 1121 2125 queIIa
1151 2034 1272 2101 Maesta
1310 2033 1372 2101 ben
1407 2048 1567 2103 contenta.
1613 2023 1638 2102 E

262 2139 404 2227 pericolo
427 2140 558 2228 grande,
582 2141 641 2208 che
664 2141 823 2229 disperato
846 2141 919 2230 quel
941 2163 986 2222 re,
1009 2139 1040 2207 di
1064 2154 1156 2228 poter
1180 2153 1307 2208 ottener
1330 2142 1453 2229 pervia
1477 2140 1635 2210 iudiciaria

263 2244 335 2333 quel
358 2246 417 2313 che
441 2244 594 2329 desidera,
617 2248 643 2313 si
667 2247 782 2315 risolva
805 2270 822 2313 a
844 2246 890 2313 far
913 2247 943 2315 di
967 2246 1062 2329 fatto,
1086 2260 1117 2314 et
1140 2269 1196 2335 per
1224 2259 1337 2335 questo
1366 2249 1485 2335 pareria
1512 2248 1552 2316 ad
1574 2247 1636 2317 Sua

263 2349 393 2435 Santitd,
417 2352 476 2420 che
499 2376 566 2420 non
582 2354 661 2421 saria
685 2376 769 2441 poco
784 2353 965 2442 guadagno,
989 2352 1040 2420 coI
1064 2352 1119 2420 dar
1141 2353 1168 2420 al
1192 2353 1281 2421 detto
1297 2352 1423 2422 Sermo.
1437 2378 1471 2422 re
1487 2378 1636 2443 speranza

264 2455 295 2523 di
318 2458 449 2527 mandat
481 2462 534 2548 poi
559 2484 601 2527 un
626 2460 730 2548 legato
759 2484 776 2527 a
800 2459 959 2549 Cambray
987 2461 1064 2527 oin
1092 2459 1171 2527 altro
1200 2458 1283 2526 simil
1311 2458 1426 2548 Iuogo,
1455 2485 1473 2528 a
1500 2484 1636 2530 nessnna

265 2564 344 2633 delle
368 2566 447 2654 parti
470 2578 624 2655 suspetto,
648 2565 831 2655 disponerlo
854 2590 872 2634 a
895 2564 1025 2634 mandat
1049 2565 1070 2632 iI
1093 2564 1243 2633 mandato
1267 2569 1338 2656 qud,
1362 2590 1457 2635 come
1480 2570 1558 2636 saria
1583 2593 1636 2637 ne-

265 2674 401 2740 cessario
425 2672 484 2741 che
507 2672 626 2741 facesse
648 2672 789 2741 volendo
813 2672 1023 2755 domandare,
1052 2673 1162 2740 chela
1190 2695 1281 2740 causa
1305 2675 1331 2740 si
1358 2686 1486 2762 potesse
1509 2676 1637 2744 instruis

264 2777 395 2861 aItrove,
419 2779 535 2867 perche
552 2780 733 2847 consentito
750 2779 809 2847 che
828 2780 960 2848 havesse
984 2802 1045 2846 una
1060 2777 1146 2847 volta
1169 2778 1225 2846 alla
1243 2802 1344 2863 causa,
1367 2778 1396 2847 Ia
1411 2781 1521 2868 regina
1536 2784 1637 2851 verria

265 2884 304 2952 ad
327 2907 413 2952 esser
436 2885 469 2951 in
492 2885 608 2968 sicum,
632 2885 691 2953 che
715 2908 782 2952 non
806 2887 831 2951 si
847 2884 922 2952 faria
937 2884 977 2952 de
1001 2884 1090 2967 satm,
1114 2884 1197 2953 dove
1223 2885 1281 2953 che
1297 2886 1532 2974 procedendosi
1548 2888 1637 2972 hora,

266 3013 359 3059 come
386 2992 412 3057 si
440 2989 579 3079 procede
606 3015 662 3080 per
689 2992 904 3074 contumacia,
936 2993 962 3058 si
992 3014 1083 3059 corre
1111 3014 1190 3080 gran
1219 2993 1313 3060 risico
1342 2992 1373 3060 di
1401 2995 1473 3063 tutti
1505 2994 1638 3063 l'incon·

266 3099 405 3165 venienti
428 3098 487 3165 che
510 3097 594 3180 dien,
618 3110 649 3166 et
664 3121 720 3186 per
736 3110 849 3188 questo
873 3098 914 3165 N.
939 3098 1075 3186 Signore
1098 3098 1242 3167 desidera
1265 3099 1303 3168 da
1319 3101 1359 3166 V.
1375 3100 1407 3167 S.
1427 3102 1518 3170 Rma.
1538 3103 1637 3185 aviso,

266 3226 359 3271 come
387 3203 415 3271 la
444 3223 557 3272 nuova
585 3224 699 3293 questo
723 3217 865 3293 gustasse
895 3204 952 3272 alla
975 3205 1097 3273 Maestd
1120 3205 1271 3289 Cesarea,
1300 3205 1328 3273 la.
1351 3207 1442 3296 quale
1465 3209 1529 3296 pud
1553 3232 1639 3276 esser

267 3329 350 3378 certa
374 3310 432 3377 che
454 3321 538 3378 tutto
563 3309 679 3400 quello,
704 3311 762 3378 che
785 3311 827 3379 N.
852 3310 989 3399 Signore
1012 3310 1153 3379 discorte
1176 3334 1197 3378 o
1221 3335 1318 3400 pensa
1341 3313 1373 3378 in
1398 3325 1522 3402 questo,
1547 3317 1639 3402 eper

266 3415 424 3484 desiderio
447 3416 479 3484 di
501 3415 593 3500 bene,
617 3440 684 3484 non
707 3418 824 3506 perche
848 3419 874 3484 si
898 3440 993 3484 mova
1016 3440 1033 3484 a
1057 3418 1286 3506 compiacentia
1310 3418 1340 3485 di
1364 3441 1510 3507 persona.

372 3541 468 3623 Rom,
493 3562 522 3627 9.
546 3541 619 3627 Juni
646 3561 738 3628 1531.

477 3720 552 3773 Arm.
566 3718 637 3774 VIII.
657 3717 722 3773 Ord
742 3718 761 3773 I.
787 3717 839 3774 vol.
861 3734 883 3788 3,
907 3717 925 3773 f.
944 3718 986 3773 60.
1024 3718 1087 3772 Man
1111 3718 1180 3772 sieht
1205 3734 1251 3772 aus
1276 3717 1379 3772 diesem
1402 3718 1560 3787 Schreiben,
1584 3720 1640 3775 dass

372 3808 419 3862 der
433 3807 592 3879 Vorschlag,
611 3808 638 3861 in
651 3807 776 3862 Cambrai
794 3809 873 3861 einen
886 3806 1063 3861 Gerichrshos
1078 3805 1119 3860 fflr
1131 3805 1174 3860 die
1193 3805 1330 3878 englische
1343 3807 1429 3862 Sache
1448 3825 1480 3862 zu
1499 3809 1639 3876 wichten,

374 3913 426 3950 von
445 3897 517 3951 Rom
536 3897 663 3968 ausging,
683 3914 727 3950 um
747 3896 808 3950 dem
828 3896 920 3967 Konig
938 3895 1236 3967 entgegenzukommen
1255 3894 1307 3949 und
1327 3896 1389 3950 dem
1404 3897 1551 3964 Vorwand,
1570 3898 1641 3952 Rom

374 3986 412 4039 sei
432 3984 473 4039 fin
491 3985 536 4039 ihn
560 3985 621 4039 hein
640 3985 757 4039 sicherer
775 3984 860 4052 Platz,
885 3984 937 4038 den
956 3984 1049 4038 Boden
1068 4002 1100 4038 zu
1119 3983 1267 4039 entziehen.
1305 3984 1409 4056 (Vergl.
1429 3985 1554 4039 indessen
1572 3987 1642 4040 oben

374 4073 420 4128 Nr.
443 4076 499 4146 97.)
535 4073 625 4127 Wenn
651 4072 719 4127 auch
743 4072 790 4127 der
814 4072 993 4144 angedeutete
1018 4071 1121 4127 :iussere
1147 4071 1241 4142 Eriolg
1266 4073 1328 4127 sehr
1353 4073 1516 4128 zweiselhaft
1541 4074 1642 4141 schIen,

375 4163 517 4233 versprach
535 4179 598 4216 man
617 4161 674 4216 sich
693 4161 764 4216 doch
782 4162 841 4215 eine
860 4162 978 4233 gewisse
996 4159 1298 4231 moralischeWIrkung
1318 4176 1372 4214 von
1391 4159 1452 4214 dem
1465 4159 1641 4231 Vorschlage,

375 4252 427 4305 wie
446 4269 492 4305 aus
512 4252 600 4306 einem
619 4250 764 4306 Schreiben
784 4249 906 4304 Salviatis
925 4267 958 4304 an
978 4248 1149 4321 Campeggio
1167 4266 1231 4303 vom
1253 4264 1292 4318 31.
1311 4248 1363 4319 Juli
1385 4263 1447 4319 1531
1470 4248 1643 4320 hervorgeht,

375 4341 401 4394 in
420 4339 554 4394 welchem
578 4356 606 4393 er
625 4339 682 4393 sich
700 4337 836 4406 wundert,
859 4340 924 4392 siber
945 4337 1038 4392 diesen
1056 4337 1142 4391 Punkt
1164 4337 1236 4391 noch
1259 4337 1337 4390 keine
1354 4337 1480 4390 Antwort
1503 4354 1557 4391 von
1581 4336 1643 4390 dem

374 4427 500 4482 Kardinal
523 4428 643 4483 erhalten
668 4445 699 4482 zu
723 4427 823 4494 haben,
847 4426 901 4481 und
923 4426 993 4480 darm
1017 4425 1152 4479 Iortsihrt:
1176 4425 1286 4479 Benche
1308 4440 1363 4479 non
1389 4442 1429 4491 so,
1453 4441 1483 4478 se
1504 4441 1572 4479 anco
1592 4442 1643 4479 con

376 4527 468 4588 questa
487 4533 613 4588 speranza
632 4517 650 4570 il
668 4517 772 4570 Sermo.
792 4515 975 4586 d'Inghilterra
994 4513 1067 4569 fusse
1086 4531 1134 4585 per
1151 4514 1261 4567 mandat
1279 4513 1297 4566 il
1315 4512 1442 4566 mandato
1461 4512 1494 4566 de
1509 4513 1644 4567 consentit

375 4605 426 4659 alla
444 4622 523 4660 causa
542 4606 598 4677 qui,
622 4621 686 4677 pure
705 4603 730 4659 el
754 4603 809 4658 iare
828 4602 976 4675 diligentia,
1002 4603 1052 4657 che
1072 4602 1097 4656 di
1117 4605 1191 4656 costI
1215 4601 1268 4655 tale
1288 4617 1350 4654 cosa
1370 4602 1392 4654 si
1411 4602 1533 4655 consenti
1552 4618 1599 4672 per
1618 4600 1643 4654 le

376 4694 482 4760 maioni,
502 4693 553 4748 che
572 4695 596 4747 vi
616 4709 820 4760 occorreranno,
839 4693 889 4747 che
908 4709 978 4747 sono
997 4692 1065 4746 assai
1084 4700 1111 4746 et
1129 4690 1215 4745 molto
1234 4688 1330 4761 ample,
1355 4690 1392 4743 mi
1412 4706 1473 4761 pare
1492 4689 1578 4744 molto
1598 4707 1644 4760 ap-

377 4783 524 4854 proposito,
543 4799 607 4854 pure
620 4782 670 4836 che
688 4783 725 4836 taI
739 4799 820 4854 opera
839 4782 861 4836 si
874 4797 999 4848 conosca,
1018 4781 1068 4835 che
1087 4781 1125 4833 sia
1138 4778 1207 4833 facta
1226 4794 1273 4849 per
1287 4776 1311 4830 la
1324 4777 1421 4831 iustitia
1440 4788 1467 4831 et
1486 4776 1644 4831 abeneficIo

377 4887 522 4925 commune
541 4879 567 4924 et
586 4888 641 4925 non
666 4887 713 4942 per
731 4887 848 4925 nessuno
872 4869 940 4924 altro
960 4879 1049 4923 conto.
1086 4867 1158 4921 hbet
1176 4866 1302 4920 Heinrich
1324 4866 1390 4919 wies
1416 4865 1458 4920 dIe
1476 4865 1563 4920 Sache
1582 4868 1645 4920 weit

377 4976 431 5013 von
450 4960 507 5013 sich
526 4962 618 5028 (unten
636 4959 682 5014 Nr.
701 4960 768 5027 118),
788 4959 841 5012 und
860 4959 928 5013 auch
943 4956 1005 5011 Karl
1019 4957 1051 5011 V.
1072 4958 1138 5026 ging
1150 4955 1222 5008 nicht
1241 4953 1335 5007 darauf
1350 4956 1392 5008 ein
1412 4954 1470 5022 (Nr.
1489 4960 1645 5022 roa—103),

326 5062 431 5117 Eheec,
446 5064 573 5108 Rdmlsehe
590 5066 747 5108 Dokumente.
1490 5067 1513 5104 ¹²
