3802 5606
231 377 354 448 Anhang.
1540 365 1601 427 265

443 537 472 593 L.
492 555 513 591 c.
535 555 559 608 p.
578 552 638 607 443.
676 527 749 592 Uber
767 536 809 591 die
829 535 991 603 Freiheiten‚
1011 537 1116 591 welche
1134 536 1192 590 sich
1211 536 1253 590 die
1273 536 1429 609 englischen
1448 536 1602 592 Gesandten

335 627 384 680 mit
403 626 454 681 den
473 626 579 681 Briefen
599 626 747 692 erlaubten‚
771 625 813 679 die
833 643 886 679 von
906 626 976 679 Rom
999 626 1067 679 nach
1087 625 1209 696 Englarrd
1232 625 1297 679 oder
1317 643 1369 680 von
1388 626 1510 698 England
1535 627 1603 680 nach

336 715 406 769 Rom
430 717 544 787 gingen,
568 715 651 786 vergl.
675 714 717 768 die
741 714 944 786 Benrerlrungen
968 732 999 768 zu
1019 713 1204 786 Campeggios
1226 714 1388 785 Depesclren
1407 731 1469 770 vom
1491 718 1530 769 18.
1551 714 1604 768 und

337 819 378 860 21.
398 805 465 875 Juni,
485 805 555 858 oben
575 805 600 859 S.
624 818 672 869 104
691 804 744 857 urd
766 819 823 858 110.
860 804 887 857 S.
907 803 974 857 auch
994 804 1036 857 die
1057 802 1183 874 folgende
1202 802 1341 858 Nummer.

859 1035 975 1118 XXL

478 1197 530 1262 An
553 1193 891 1293 jacobo-Salviati.
937 1191 1085 1276 Orleans,
1111 1214 1140 1280 3.
1163 1195 1237 1279 Juni
1266 1213 1357 1279 1529.

336 1354 472 1409 Nochmals
494 1356 536 1408 die
555 1355 723 1426 Behandlmrg
741 1356 787 1408 der
806 1355 892 1425 Briese
916 1371 950 1407 an
971 1353 1103 1407 Kardiual
1122 1354 1279 1425 Corripeggio
1303 1355 1354 1424 aras
1366 1354 1423 1405 ciem
1440 1353 1517 1425 Waege
1540 1353 1604 1407 nacla

230 1442 359 1513 England.
397 1443 427 1496 L.
446 1461 467 1497 c.
484 1453 509 1516 p.
528 1459 589 1514 449.

335 1585 483 1652 Hiersera
512 1608 715 1676 comparsero
747 1586 776 1652 le
804 1610 860 1654 sue
891 1583 930 1653 de
960 1607 1007 1672 15,
1038 1584 1066 1653 le
1096 1585 1179 1675 quali
1210 1584 1303 1653 hebbi
1330 1608 1386 1672 per
1416 1584 1501 1651 mani
1530 1583 1602 1651 dell'

229 1689 448 1759 imbasciatore
471 1691 607 1780 lnglese‚
632 1704 662 1760 et
685 1692 714 1760 le
738 1693 802 1760 mie
826 1716 892 1760 non
918 1715 1019 1761 erono
1043 1692 1169 1774 tocche,
1194 1689 1296 1781 quelle
1320 1687 1371 1756 del
1394 1691 1489 1757 Rmo.
1507 1690 1603 1758 Cam·

229 1796 347 1884 peggio
370 1821 464 1865 senza
487 1796 582 1866 dubio
607 1822 709 1866 erono
733 1811 813 1867 state
836 1811 953 1887 aperte,
978 1803 1019 1866 ne
1035 1820 1133 1886 posso
1156 1798 1330 1885 imaginare
1355 1794 1449 1878 dove,
1473 1820 1507 1864 se
1534 1819 1601 1863 non

229 1901 312 1970 fusse
336 1903 538 1972 intervenuto
563 1903 679 1994 quelle,
702 1905 723 1972 li
747 1906 851 1972 scrissi
874 1904 1015 1973 dubitare
1039 1928 1095 1993 per
1118 1902 1225 1972 l'altra.

334 2027 482 2112 Odeans,
511 2049 539 2116 3.
563 2030 635 2115 Juni
663 2049 755 2116 1529.

846 2279 984 2361 XXII.

551 2439 602 2504 An
625 2436 769 2523 Jacobo
793 2436 960 2504 Salviati.
1008 2457 1060 2505 20.
1083 2437 1156 2523 luni
1185 2457 1277 2523 1529.

334 2595 386 2647 Die
398 2595 540 2665 Fronrosen
560 2597 670 2660 werden,
690 2615 732 2649 um
745 2599 791 2649 mit
805 2597 861 2649 dem
876 2597 970 2651 Kaiser
988 2615 1018 2666 (u
1032 2597 1141 2651 Frieden
1159 2614 1189 2666 ru
1200 2598 1336 2666 gelangen,
1355 2595 1406 2666 arcs
1420 2596 1475 2647 ilrrc
1487 2595 1601 2648 Bundes-

226 2700 345 2751 genossen
368 2685 453 2754 merzig
472 2685 604 2739 necnon
627 2685 738 2739 nehmen.
776 2686 810 2739 Es
829 2688 859 2739 ist
882 2686 962 2740 daher
980 2703 1022 2740 am
1040 2687 1130 2751 herten,
1152 2704 1226 2739 werna
1247 2686 1294 2738 der
1312 2684 1387 2755 Papa!
1410 2683 1478 2736 nicht
1500 2690 1601 2748 'coartet

229 2770 264 2823 bis
282 2772 325 2824 die
343 2771 483 2842 Pranzosen
508 2773 562 2825 ihre
580 2772 703 2844 Vertrdge
722 2774 875 2845 geschlossen
893 2774 980 2828 babere.
1002 2806 1032 2812 —
1054 2775 1157 2846 Eisrigc
1174 2773 1349 2844 Verwendung
1370 2774 1412 2826 des
1431 2772 1530 2843 Konigs
1549 2789 1601 2824 von

230 2858 385 2913 Frankrer'ch
403 2862 431 2913 in
448 2862 495 2914 der
514 2861 592 2915 Socha
610 2861 745 2917 Heinrichs
762 2863 832 2917 VIII.
852 2864 905 2917 und
924 2862 1044 2935 Seradung
1062 2864 1105 2917 des
1123 2862 1234 2933 Bischoss
1257 2880 1309 2915 von
1333 2860 1425 2915 Turbes
1442 2878 1489 2930 rur
1507 2860 1601 2930 Besar-

230 2954 348 3020 wortung
366 2950 412 3002 der
430 2949 619 3022 Ehescheidung
636 2952 700 3006 nach
718 2951 843 3023 Bologna.

336 3088 428 3158 Molti
452 3093 480 3159 ci
502 3116 597 3176 son0,
621 3093 679 3161 che
703 3090 870 3176 dubitono,
894 3092 953 3161 che
977 3106 1119 3174 costoro,
1142 3090 1286 3181 potendo
1314 3104 1444 3159 assettar
1471 3090 1500 3157 le
1524 3112 1599 3157 cose

229 3191 311 3276 loro,
334 3195 518 3266 lasceranno
543 3222 677 3286 ognuno
703 3211 733 3267 et
756 3200 941 3267 aiuteranno
958 3199 1176 3288 l'Imperatore
1199 3223 1216 3265 a
1240 3200 1367 3265 rovinar
1390 3197 1410 3263 li
1426 3196 1504 3279 altri,
1522 3194 1600 3263 dalla

228 3300 318 3389 quale
342 3303 496 3391 opinione
519 3306 551 3372 io
575 3329 643 3372 non
667 3329 750 3373 sono
775 3305 878 3373 molto
902 3305 1059 3388 discorde,
1085 3330 1118 3373 se
1143 3305 1174 3372 lo
1197 3306 1392 3393 imperatore
1416 3301 1599 3370 dimander'a

229 3406 310 3475 simil
327 3432 419 3492 cose;
444 3414 523 3499 pero
549 3412 591 3478 N.
608 3412 744 3500 Signore
768 3413 856 3500 pensi
881 3436 898 3479 a
922 3414 983 3479 casi
1000 3412 1070 3479 suoi
1096 3424 1127 3479 et
1151 3435 1216 3478 non
1233 3412 1259 3476 si
1276 3410 1349 3478 lasci
1364 3410 1473 3477 venire
1489 3420 1600 3498 questa

229 3513 321 3601 piena
343 3513 471 3599 adosso,
494 3516 611 3606 perche
635 3520 721 3607 epila
745 3518 839 3586 lecito
863 3541 880 3585 a
904 3518 966 3586 Sua
989 3518 1108 3585 Santita
1132 3517 1153 3583 il
1175 3514 1319 3604 fuggirla,
1343 3528 1374 3583 et
1395 3538 1457 3582 con
1476 3513 1599 3596 facilita,

229 3618 286 3688 che
310 3644 327 3688 a
350 3645 490 3691 nessuno
514 3623 605 3707 altro,
630 3644 661 3692 et
684 3648 702 3691 a
725 3638 856 3693 costoro
877 3648 945 3692 non
968 3627 1032 3713 pud
1058 3623 1221 3712 displacer,
1246 3621 1401 3691 certando
1429 3644 1511 3688 anco
1528 3620 1599 3688 loro

229 3724 292 3795 sare
316 3728 325 3794 i
348 3727 417 3796 fatti
440 3731 511 3796 suoi
533 3754 627 3797 senza
649 3753 763 3819 pensat
787 3755 803 3798 a
827 3730 921 3821 quelli
945 3730 1055 3799 d’altri.

333 3833 630 3904 llCristianissimo
658 3839 762 3905 avanti
790 3836 812 3904 il
834 3839 930 3926 partit
953 3860 1012 3904 suo
1041 3835 1161 3904 mando
1189 3859 1246 3923 per
1275 3859 1328 3902 me
1351 3854 1383 3902 et
1411 3832 1524 3902 fecemi
1553 3834 1600 3899 in·

228 3938 354 4022 tender,
383 3942 441 4008 che
469 3941 624 4010 mandava
652 3943 672 4011 il
695 3967 836 4012 vescovo
867 3943 898 4011 di
921 3943 1026 4011 Tarba
1053 3943 1273 4011 imbasciatore
1300 3966 1317 4009 a
1341 3943 1382 4009 N.
1407 3942 1543 4030 Signore
1568 3959 1599 4007 et

229 4047 286 4113 che
314 4045 347 4113 lo
376 4046 530 4115 mandava
552 4051 707 4138 imposte,
737 4048 962 4138 pregandomi,
991 4050 1075 4117 ch'io
1104 4050 1220 4117 volessi
1248 4072 1360 4138 pregar
1383 4049 1446 4116 Sua
1468 4048 1598 4128 Santita,

229 4150 287 4218 che
322 4151 446 4220 volesse
481 4177 567 4223 esser
601 4168 752 4225 contenta
787 4155 926 4224 satisfare
963 4157 990 4224 al
1023 4157 1148 4225 Sermo.
1177 4155 1395 4244 d'lnglrilterra
1427 4156 1458 4222 in
1489 4165 1599 4245 questa

228 4281 282 4324 sua
307 4281 399 4326 causa
423 4258 502 4327 della
526 4260 735 4330 dissolutione
759 4261 810 4331 del
833 4264 1058 4345 matrimonio,
1083 4261 1286 4344 mostrando,
1311 4262 1369 4330 che
1394 4261 1456 4328 Sua
1478 4260 1599 4326 Santita

228 4387 295 4431 non
318 4378 434 4453 poteva
457 4366 484 4433 al
507 4381 654 4455 presente
677 4367 755 4435 fara
778 4368 820 4435 lui
845 4392 919 4436 cosa
941 4371 995 4457 pilr
1010 4382 1098 4457 grata
1114 4374 1155 4437 ne
1171 4371 1224 4457 pin
1243 4367 1385 4457 proficua
1399 4389 1456 4454 per
1471 4365 1499 4432 la
1515 4364 1597 4433 Sede

226 4468 422 4558 Apostolica‚
446 4473 563 4560 perche
579 4485 692 4563 questo
718 4497 769 4542 era
792 4474 952 4542 uomodo
976 4498 993 4541 a
1009 4489 1099 4543 tener
1118 4472 1425 4542 indissolubilmente
1442 4473 1597 4540 coniunto

227 4599 289 4643 con
313 4577 375 4644 Sua
399 4578 596 4647 Beatitudine
619 4579 705 4647 l’una
729 4593 760 4648 et
782 4579 880 4649 l'altra
903 4581 1034 4664 Maesti,
1058 4583 1090 4648 in
1115 4581 1173 4649 che
1189 4580 1323 4649 addusse
1340 4578 1439 4647 molte
1463 4579 1597 4666 ragioni,

228 4682 286 4750 che
308 4684 434 4751 sarieno
458 4684 577 4773 lunghe
601 4709 618 4752 a
641 4686 792 4769 narrarle,
820 4689 959 4755 maxime
990 4687 1137 4755 venendo
1166 4686 1427 4775 principalmente
1452 4686 1596 4772 Monsgr.

228 4786 258 4855 dj
281 4788 386 4857 Tarba
408 4813 464 4879 per
488 4804 597 4881 questa
621 4815 723 4874 causa,
747 4792 784 4859 da
809 4794 859 4860 chi
883 4794 945 4861 Sua
970 4793 1167 4861 Beatitudine
1191 4795 1282 4881 potra
1302 4791 1448 4860 intendet
1467 4790 1486 4858 il
1501 4803 1596 4860 tutto.

226 4894 262 4961 lo
285 4895 399 4983 risposi
422 4920 440 4964 a
463 4897 525 4964 Sua
547 4898 687 4980 Maesti,
711 4899 770 4966 che
793 4900 855 4968 Sua
878 4899 1075 4968 Beatitudine
1107 4897 1287 4967 desiderava
1311 4897 1414 4966 molto
1437 4896 1557 4966 satisfar
1581 4922 1598 4965 a

227 5001 298 5090 quel
322 5002 447 5071 Sermo.
476 5027 525 5086 re,
557 5017 589 5072 et
611 5027 667 5092 per
696 5017 806 5094 questa
834 5030 926 5073 causa
953 5006 1071 5073 lraveva
1101 5004 1251 5074 mandato
1279 5004 1298 5072 il
1322 5006 1417 5074 Rmo.
1442 5004 1597 5074 cardinale
