3802 5606
305 329 368 394 24'4
929 343 1001 401 Felix
1021 363 1075 399 von
1094 342 1173 399 Prato
1192 342 1256 398 tiber
1275 342 1317 398 die
1337 342 1431 416 pipstl.
1451 340 1679 414 Dispensgewalt.

305 520 470 596 peccatum
493 506 560 574 sive
584 505 734 574 delictum
757 528 851 573 suurn
874 506 1060 594 portabunt,
1090 519 1124 574 ut
1153 506 1185 572 iu
1209 505 1351 594 reliquis,
1380 526 1447 571 non
1475 503 1572 571 dixit?
1611 503 1680 571 Cur

304 637 434 702 gravem
459 635 525 680 non
548 612 662 680 adiecit
684 612 845 700 poenam?
868 613 988 701 Regula
1011 614 1106 700 igitur
1128 613 1260 680 Levitici
1284 632 1362 679 sano
1387 622 1433 678 est
1457 609 1608 699 capienda
1630 613 1679 677 in·
1721 665 1723 669 .

305 718 446 787 tellectu:
471 718 510 785 ad
533 741 666 786 uxorem
691 717 792 785 fratris
817 718 918 785 nullus
942 718 1070 787 accedat
1092 720 1219 785 vivente
1243 716 1336 785 fratre
1360 717 1410 785 vel
1427 715 1578 784 defuncto
1603 741 1677 784 cum

306 824 418 893 liberis.
466 823 593 906 Quibus
617 845 731 891 omnes
753 838 876 892 cessant
899 825 1055 914 querelae.

411 929 524 1019 Neque
548 955 611 998 una
642 955 717 998 sane
746 954 819 999 cum
843 933 912 998 viro
941 955 1022 999 uxor
1046 944 1093 999 est
1117 936 1222 1013 αιῐο,1
1251 931 1306 998 sed
1336 932 1393 997 viri
1422 929 1516 997 frater
1545 953 1617 997 cum
1642 954 1679 996 ea

305 1060 404 1105 uxore
428 1049 462 1105 ut
485 1061 597 1104 sorore
614 1035 674 1127 (l),
699 1060 802 1127 neque
826 1036 1016 1105 omnimoda
1039 1052 1087 1106 est
1109 1036 1298 1121 similitudo3
1322 1035 1416 1104 frater
1437 1039 1522 1103 enim
1540 1057 1571 1103 et
1586 1058 1680 1102 soror

306 1146 337 1211 in
362 1168 424 1212 una
447 1146 687 1211 communicant
710 1167 804 1211 carne
828 1156 859 1212 et
882 1146 1047 1233 sanguine,
1071 1144 1218 1212 videlicet
1241 1147 1274 1210 in
1301 1156 1398 1231 patre,
1421 1142 1509 1233 quod
1533 1141 1679 1210 affinibus

306 1252 439 1317 minime
463 1248 585 1318 accidit.
625 1250 739 1338 Neque
764 1250 906 1318 eiusdem
930 1252 1057 1338 penitus
1080 1263 1153 1317 sunt
1170 1249 1369 1318 contubernii
1386 1248 1496 1316 affines
1512 1268 1585 1317 ante
1602 1272 1679 1316 con·

305 1357 426 1443 iugium
448 1356 498 1424 vel
518 1354 670 1424 defuncto
692 1358 761 1423 viro
793 1358 862 1424 sine
884 1356 984 1445 prole,
1009 1370 1043 1425 ut
1058 1357 1277 1446 reprimendae
1295 1357 1570 1443 concupiscentiae
1588 1379 1679 1423 causa

305 1463 384 1530 adsit
409 1463 505 1531 veluti
529 1464 561 1529 in
584 1486 707 1530 sorore.
753 1463 839 1530 Dum
866 1465 952 1530 enim
975 1465 1023 1530 vir
1046 1465 1138 1545 vivit,
1168 1476 1242 1552 post
1265 1464 1452 1551 coniugium
1480 1474 1678 1530 contractum

306 1592 406 1637 unum
430 1592 556 1657 corpus
580 1593 642 1636 una
666 1592 750 1652 caru,
773 1593 855 1636 unus
877 1571 1003 1657 spiritus
1028 1568 1161 1638 efficitur
1177 1593 1257 1637 uxor
1280 1593 1355 1637 cum
1379 1592 1430 1636 eu.
1465 1569 1587 1637 Omnia
1606 1588 1679 1635 sunt

306 1675 364 1743 illis
389 1674 532 1758 indivisa,
555 1676 632 1743 alter
655 1677 771 1764 quippe
795 1677 827 1743 in
851 1675 977 1743 alterius
1000 1675 1074 1744 abiit
1103 1689 1311 1765 potestatem,
1339 1676 1362 1742 Ι.
1393 1675 1432 1743 ad
1456 1676 1533 1743 Cor.
1563 1698 1581 1762 7
1612 1674 1678 1764 ().

306 1782 431 1865 Mulier,
463 1783 564 1872 inquit
594 1781 784 1870 Apostolus,
815 1784 863 1849 sui
893 1784 1036 1872 corporis
1068 1794 1259 1872 potestatem
1291 1805 1359 1849 nou
1387 1782 1494 1863 habet,
1531 1781 1588 1849 sed
1622 1782 1679 1849 vir.

309 1889 458 1956 Similiter
481 1900 587 1956 autem
612 1899 643 1955 et
665 1890 713 1955 vir
736 1889 782 1954 sui
807 1890 950 1975 corporis
973 1902 1165 1977 potestatem
1189 1912 1256 1956 non
1280 1888 1388 1971 habet,
1411 1886 1468 1955 sed
1490 1888 1612 1955 mulier.
1637 1927 1679 1937 —

307 1993 468 2062 Defuncto
493 1995 562 2061 viro
586 1995 654 2061 sine
681 1993 771 2081 prole
794 1996 857 2060 iam
881 2017 949 2061 non
971 1996 1114 2083 proprie,
1137 1993 1194 2062 sed
1217 1994 1299 2062 forte
1323 1995 1539 2082 metaphorice
1563 1993 1679 2061 habent

307 2101 446 2169 eundem
470 2101 614 2188 spiritum
638 2112 692 2167 aut
714 2099 796 2168 forte
821 2100 956 2168 eandem
980 2124 1118 2168 carnem.
1164 2102 1222 2167 Vir
1246 2103 1308 2167 iarn
1334 2101 1475 2168 discessit
1500 2124 1517 2167 e
1540 2099 1679 2182 saeculo,

308 2231 387 2275 uxor
411 2207 558 2274 omnium
578 2205 771 2274 obliviscitur
793 2219 931 2289 actuum,
956 2231 1089 2274 omnem
1112 2208 1216 2275 amisit
1239 2206 1398 2289 affectum,
1421 2206 1508 2274 alteri
1531 2206 1680 2274 adhaeret

307 2315 387 2396 vir0,
411 2313 491 2381 illius
516 2312 649 2385 efficitur
673 2336 757 2397 caro,
781 2312 861 2380 illius
884 2336 1009 2402 corpus,
1034 2313 1113 2381 illius
1137 2314 1274 2401 spiritus,
1298 2337 1332 2381 se
1355 2325 1457 2381 totam
1481 2336 1540 2401 pro
1564 2312 1680 2380 viribus

308 2420 347 2488 ad
369 2419 465 2488 alium
489 2420 647 2487 convertit
671 2422 783 2487 vimm.

414 2525 520 2595 Verba
541 2528 645 2615 itaque
670 2549 742 2593 cum
759 2524 858 2608 Adae,
882 2537 950 2593 tum
967 2525 1136 2594 Salvatoris
1161 2547 1192 2593 et
1211 2525 1359 2613 Apostoli
1382 2549 1418 2592 ac
1441 2525 1576 2592 aliorum
1592 2548 1681 2592 sanc-

308 2653 414 2700 torum
439 2634 566 2700 vivente
589 2633 685 2720 ipsius
708 2633 777 2699 viro
800 2655 836 2699 ac
859 2631 1011 2701 defuncto
1035 2655 1109 2700 curn
1133 2632 1237 2720 prole,
1266 2656 1340 2700 cum
1363 2655 1460 2699 unam
1483 2633 1543 2699 iam
1569 2654 1681 2699 conse-

309 2741 397 2830 quuti
420 2740 452 2805 in
476 2739 571 2806 tertio
595 2761 669 2805 vere
692 2740 755 2805 sint
779 2760 918 2820 carnem,
943 2739 1031 2806 cuius
1056 2762 1148 2806 causa
1170 2740 1336 2827 praecipue
1358 2739 1566 2806 constitutum
1589 2736 1682 2804 suita

309 2848 381 2914 Deo
418 2846 674 2927 matrimonium,
711 2844 915 2933 intelligenda
948 2868 1126 2913 censemus.
1173 2846 1266 2927 Quae
1301 2845 1370 2911 viro
1406 2843 1556 2911 defuncto
1591 2842 1681 2933 prole

308 2953 490 3042 superstite,
525 2952 696 3039 coniugem
731 2957 899 3018 observare
932 2953 1095 3041 aequitatis
1128 2953 1314 3041 pietatisque
1343 2950 1494 3039 obsequia
1524 2973 1583 3018 nec
1612 2973 1680 3017 non

309 3060 421 3148 prioris
445 3056 623 3124 dilectionis
646 3059 736 3145 signa
760 3056 828 3124 fore
852 3056 1027 3125 iudicamus
1055 3059 1202 3125 maxima.
1250 3058 1371 3125 Verum
1402 3069 1487 3138 esto,
1517 3079 1577 3123 una
1606 3079 1681 3123 vere

308 3165 371 3232 sint
394 3187 467 3231 caro
491 3166 538 3230 vir
561 3184 592 3230 er
615 3185 697 3231 uxor
719 3182 791 3252 post
815 3163 939 3231 alterius
964 3164 1085 3231 obitum
1112 3162 1195 3231 nulla
1217 3164 1384 3251 superstite
1401 3162 1500 3250 prole,
1524 3185 1680 3251 quaenam

310 3268 528 3359 reprimendae
552 3270 828 3357 concupiscentiae
853 3293 945 3337 causa
968 3268 1072 3352 adest,
1101 3293 1143 3337 ne
1173 3270 1337 3337 contrahat
1362 3292 1434 3336 cum
1462 3270 1511 3335 sui
1542 3269 1599 3335 viri
1627 3267 1682 3334 de-

309 3376 406 3445 functi
430 3376 534 3458 fratre,
556 3375 597 3443 ob
622 3399 716 3464 quam
739 3378 806 3443 iure
830 3374 939 3443 divino
962 3398 1107 3445 sororem
1132 3376 1323 3464 prohibitam
1347 3376 1479 3442 asseris?
1503 3377 1587 3442 Ante
1604 3396 1681 3441 con·

308 3485 430 3573 iugium
454 3482 596 3551 eiusdem
620 3483 820 3550 habitationis
843 3483 1009 3571 participes
1033 3483 1120 3551 fuere
1144 3484 1291 3564 minime,
1320 3506 1379 3550 nec
1410 3481 1486 3571 quid
1510 3480 1682 3570 possedere

309 3614 498 3672 commune;
522 3609 595 3678 post
619 3590 804 3677 coniugium
828 3591 955 3657 vivente
979 3591 1048 3656 viro
1072 3591 1293 3679 morienteque
1323 3612 1396 3656 cum
1420 3588 1510 3675 prole
1533 3611 1596 3654 una
1617 3589 1681 3654 iam

309 3720 383 3764 cunt
407 3697 541 3764 existant
564 3718 653 3778 caro,
682 3718 880 3785 nequaquam
905 3695 1007 3777 decet,
1031 3698 1078 3763 ius
1102 3698 1206 3784 ipsum
1229 3694 1424 3784 reprobavit,
1449 3695 1555 3761 omnis
1579 3715 1680 3762 cessat

309 3803 473 3890 appetitus.
521 3800 682 3869 Defuncto
706 3802 775 3867 viro
799 3803 867 3868 sine
891 3801 980 3889 prole
1004 3825 1098 3891 quarn
1123 3801 1273 3869 ostendes
1298 3801 1443 3868 causam?
1466 3801 1605 3866 Primam
1627 3790 1682 3868 ne·

308 3931 463 3997 quaquam
488 3908 589 3974 sortiti
613 3905 711 3989 fuere,
735 3906 908 3974 secundam
931 3931 998 3975 non
1022 3909 1150 3996 aspicio.
1198 3905 1340 3975 Discedit
1373 3932 1390 3974 e
1419 3905 1536 3989 domo,
1567 3907 1681 3974 amittit

310 4037 424 4081 omnes
448 4013 587 4094 affectus,
611 4012 650 4080 ad
673 4012 755 4080 aliud
779 4015 841 4081 iam
864 4016 1006 4082 transivit
1023 4015 1259 4096 commertium,
1284 4015 1390 4080 omnis
1411 4013 1497 4082 abest
1515 4016 1681 4102 concupis-

311 4120 423 4188 centia.
470 4119 535 4187 Cur
559 4121 662 4208 itaque
687 4142 784 4207 negas
810 4119 968 4187 eiusmodi
991 4121 1232 4188 matrimonium
1255 4119 1323 4187 fieri
1347 4121 1461 4208 posse?
1489 4120 1680 4187 Sermonem

311 4228 406 4295 etiam
429 4224 651 4306 affirmantem,
675 4225 902 4314 turpitudinem
920 4227 1027 4294 uxoris
1050 4225 1151 4294 fratris
1167 4229 1213 4294 tui
1236 4225 1465 4315 turpitudinem
1480 4224 1582 4293 fratris
1600 4249 1680 4308 esse,

310 4336 380 4422 ipso
403 4334 530 4400 vivente
553 4331 602 4399 vel
626 4334 793 4420 superstite
816 4333 905 4421 prole
922 4331 1163 4420 intelligendum
1187 4333 1343 4401 duximus.
1390 4334 1440 4400 De
1460 4332 1509 4399 his
1532 4334 1628 4414 enim,
1647 4345 1682 4399 ut

311 4441 410 4529 inquit
433 4437 636 4527 Apostolus,²
658 4440 710 4527 qui
734 4438 811 4506 foris
834 4452 917 4521 sunt,
942 4439 1027 4506 nulla
1051 4461 1098 4507 est
1121 4462 1194 4507 cura
1210 4439 1367 4507 Ecclesiae
1390 4462 1446 4506 seu
1463 4438 1681 4527 opprobrium,

310 4569 413 4635 neque
436 4545 503 4612 aliis
527 4545 724 4627 hominibus;
760 4547 807 4612 sin
836 4570 942 4628 secus,
971 4569 1086 4614 omnes
1115 4549 1146 4614 in
1171 4545 1332 4614 infinitum
1356 4569 1456 4635 usque
1480 4547 1546 4612 iure
1570 4543 1679 4613 divino

363 4694 368 4697 .
374 4693 429 4698 --
437 4692 519 4699 ———--

417 4784 426 4814 ¹
445 4776 501 4829 Der
518 4775 600 4829 Maon
623 4777 657 4829 ist
675 4776 723 4829 mit
742 4775 788 4829 der
808 4775 874 4829 Frau
897 4777 985 4830 seines
1003 4776 1116 4830 Bruders
1135 4776 1343 4847 verschwtgert,
1367 4777 1430 4830 aber
1448 4776 1541 4830 claraus
1564 4775 1680 4829 entsteht

310 4847 386 4900 lteine
404 4845 713 4900 Blutsverwandtschalt.

417 4917 547 4972 *I.Cor.
570 4932 653 4985 5,12.
691 4916 765 4979 Quid
784 4919 855 4971 enim
875 4919 940 4971 mihi
958 4917 991 4972 de
1010 4920 1050 4984 iis,
1070 4919 1113 4989 qui
1133 4917 1197 4972 foris
1216 4927 1284 4985 suut,
1304 4918 1438 4971 iudicare?
1476 4933 1517 4986 13.
1543 4918 1612 4971 Nam
1631 4933 1680 4970 eos

312 4989 355 5059 qui
375 4986 438 5041 soris
458 4995 526 5051 sunt,
545 4988 619 5040 Deus
639 4984 769 5042 iudicabit.
