3802 5606
242 364 365 434 Anhang.
1550 353 1613 415 249

347 521 398 575 den
422 521 536 577 Xanzler
561 522 604 576 Du
627 523 689 577 Prat
713 523 800 589 nicht;
834 528 923 595 spiter
948 525 1011 578 aber
1039 525 1081 578 bei
1106 524 1285 596 Gelegenheit
1310 524 1357 578 der
1381 524 1614 579 Zusammenkunn

347 611 482 666 zwischen
501 610 629 665 Clemens
643 611 701 665 VII.
722 612 774 665 und
798 611 880 666 Franz
899 612 918 667 Ι.
944 630 974 666 zu
994 612 1127 668 Marseille
1150 614 1186 668 im
1206 613 1327 668 Oktober
1350 628 1413 683 1533
1434 613 1564 668 berichtet
1587 630 1615 667 or

347 699 412 753 uber
429 699 472 753 die
492 700 627 754 feierlicbe
645 699 798 754 Aufuahme
817 700 864 754 des
883 701 1010 754 Kanzlers
1033 702 1060 755 in
1079 702 1125 755 das
1145 701 1180 756 hl.
1201 701 1355 773 Kollegium
1378 701 1431 755 und
1450 701 1508 774 iirgt
1527 702 1614 767 binzu,

347 788 410 842 dem
427 787 552 842 Kardinal
571 805 625 842 von
644 788 711 842 Sens
734 788 773 841 sei
796 787 842 842 der
861 788 933 842 Platz
957 790 1026 843 nach
1049 789 1111 845 dem
1134 790 1259 844 Kardinal
1278 807 1332 844 von
1351 790 1463 863 Perugia
1482 790 1615 860 (Accolti)

348 877 519 948 zugewiesen
543 876 667 944 worden,
693 876 725 930 da
749 876 792 930 Du
811 876 872 931 Prat
897 878 923 931 in
948 877 1011 931 dem
1029 878 1226 934 Konsistorium
1252 895 1301 932 vor
1325 879 1388 933 dem
1412 880 1496 933 Sacco
1518 879 1614 933 kreiert

348 964 459 1020 worden
478 966 525 1020 sei.
564 965 628 1019 Bibl.
648 965 754 1020 Barber.
772 965 886 1020 XXXV.
905 965 979 1035 431,
1001 981 1058 1036 127,
1078 981 1110 1036 45
1126 966 1152 1035 f,
1173 982 1231 1022 200.

901 1270 957 1353 Π.

299 1444 351 1512 An
375 1445 588 1512 Francesco
613 1443 885 1513 Guicciardini.
933 1445 1147 1533 Compiegne,
1176 1466 1224 1531 14.
1249 1443 1436 1533 September
1464 1465 1499 1530 15
1526 1466 1556 1531 7.

347 1592 486 1656 dhnlicben
509 1604 616 1657 Inbultes
632 1606 682 1657 wie
699 1606 746 1658 das
764 1607 863 1677 vorige.
902 1603 1093 1675 Schaustellung
1110 1605 1157 1656 der
1167 1604 1485 1675 srunqosisch-englr'scben
1498 1603 1614 1657 Preuud-

241 1692 328 1763 schast.
366 1691 554 1763 Beschleunigtr
573 1692 678 1746 Abreise
695 1692 812 1763 Wolseys.
852 1693 972 1763 Sendung
989 1692 1133 1746 Gambaras
1150 1692 1214 1746 nach
1235 1692 1305 1747 Rom.

347 1833 383 1899 Io
411 1856 568 1921 pensav0,
599 1834 658 1901 che
688 1833 710 1901 il
733 1836 828 1904 Rmo,
857 1834 1056 1901 Eboracense
1085 1833 1209 1901 volesse
1238 1847 1393 1922 aspettare
1421 1846 1532 1924 questa
1558 1833 1614 1900 ris·

242 1951 347 2027 posta,
371 1963 426 2007 ma
448 1939 632 2024 dubitando,
657 1964 723 2007 non
747 1941 825 2008 tardi
848 1952 982 2028 tropp0,
1012 1938 1210 2028 premendoli
1239 1939 1259 2006 il
1288 1942 1411 2008 ritorno
1440 1941 1473 2007 in
1496 1937 1614 2027 Inghil·

240 2056 333 2129 terra,
356 2047 382 2113 si
406 2047 572 2115 erisoluto
590 2048 711 2134 partirsi
727 2060 774 2115 tra
788 2059 914 2136 quattro
933 2047 1049 2134 giomi,
1073 2044 1215 2135 parendo
1232 2070 1249 2112 a
1268 2046 1330 2114 Sua
1346 2046 1492 2134 Signoria
1509 2047 1612 2126 Rmo.,

242 2152 300 2219 che
322 2153 451 2241 importi
473 2176 569 2242 poen,
594 2153 651 2221 che
674 2165 784 2243 questa
807 2155 941 2242 risposta
964 2154 1056 2220 arrivi
1079 2152 1216 2221 essendo
1240 2155 1292 2242 qui
1317 2175 1338 2219 o
1362 2154 1394 2219 in
1414 2152 1613 2241 Ingbilterra,

240 2259 357 2348 perche
385 2272 432 2326 tra
459 2260 561 2348 questi
585 2258 661 2327 duni
689 2261 823 2348 principi
847 2264 864 2326 ὲ
892 2273 964 2327 nata
991 2271 1077 2327 tanta
1105 2257 1298 2327 confidentia
1328 2272 1359 2327 et
1388 2261 1524 2341 unione,
1554 2259 1613 2326 che

241 2388 339 2433 unum
365 2377 412 2433 est
436 2363 521 2432 idem
544 2365 624 2434 velle
648 2378 679 2433 et
702 2364 787 2433 idem
812 2365 907 2447 nolle,
932 2377 963 2433 et
985 2364 1202 2453 l'Imperatore
1233 2389 1273 2432 ne
1298 2369 1389 2454 putri
1411 2366 1507 2433 haver
1531 2367 1611 2432 iusta

240 2472 442 2559 experientia.
483 2474 511 2538 A
536 2474 638 2561 questi
660 2473 782 2560 giomi,
806 2473 865 2539 che
890 2470 1036 2540 havendo
1060 2495 1115 2538 sua
1140 2472 1295 2540 Caesarea
1317 2472 1439 2539 Maesta
1462 2469 1540 2539 fatto
1566 2472 1612 2537 in·

240 2575 371 2645 tendere
395 2575 445 2644 alli
469 2578 587 2646 oratori
603 2577 730 2666 Anglici
755 2591 839 2645 certe
863 2578 1013 2666 pratiche,
1038 2578 1097 2646 che
1114 2575 1223 2646 diceva
1245 2576 1310 2644 fare
1334 2600 1396 2644 con
1413 2577 1475 2645 Sua
1491 2577 1613 2645 Maesta

240 2682 260 2749 li
284 2685 402 2752 oratori
425 2683 571 2751 Francesi
595 2695 860 2772 separatamente,
891 2697 922 2752 et
947 2682 1084 2752 essendo
1112 2696 1233 2752 venuto
1257 2683 1366 2751 l'aviso
1391 2687 1468 2773 qua,
1499 2695 1612 2773 questo

241 2790 335 2857 Rmo.
360 2790 428 2858 fece
452 2790 589 2858 chiamar
612 2790 762 2858 l'oratore
785 2791 947 2879 imperiale
971 2803 1003 2858 et
1026 2790 1128 2858 molto
1149 2790 1404 2858 animosamente
1427 2802 1459 2857 et
1482 2790 1613 2878 gagliar-

241 2895 389 2964 damente
413 2897 433 2964 li
458 2895 551 2979 disse,
576 2897 634 2965 che
658 2897 730 2965 tutti
753 2897 763 2963 i
788 2898 892 2965 conati
917 2909 947 2964 et
972 2895 1134 2979 industrie,
1158 2897 1217 2964 che
1238 2920 1344 2964 usasse
1368 2895 1400 2962 lo
1417 2896 1613 2984 imperatore

241 3024 296 3090 per
320 3000 459 3070 disunire
482 3004 584 3091 questi
608 3002 661 3070 dui
677 3003 820 3091 principi,
844 3005 968 3070 sariano
985 3026 1065 3071 vane
1081 3016 1113 3071 et
1128 3001 1318 3084 frustatorie,
1344 3003 1459 3091 perche
1475 3014 1523 3070 tra
1538 3002 1610 3070 loro

241 3130 292 3174 era
315 3120 472 3176 contratta
496 3132 559 3176 unu
582 3110 717 3177 amicitia
741 3121 893 3197 perpetua
916 3122 948 3177 et
971 3111 1091 3177 unione
1114 3108 1260 3190 d'animi,
1290 3121 1321 3177 et
1352 3109 1410 3176 che
1439 3131 1541 3176 erono
1565 3132 1612 3176 re-

240 3212 344 3293 soluti,
368 3239 402 3282 se
417 3214 449 3281 lo
465 3215 662 3303 imperatore
684 3238 750 3282 non
768 3228 926 3283 accettava
942 3215 971 3282 le
987 3214 1164 3284 conditioni
1181 3215 1348 3302 offertegli‚
1372 3213 1437 3282 sarii
1453 3214 1482 3281 la
1497 3238 1611 3302 guerra

242 3331 272 3387 et
295 3343 363 3388 non
385 3321 502 3389 tolerat
524 3333 610 3389 tanta
633 3322 815 3408 grandezza.

345 3426 370 3494 Π
392 3429 615 3515 protonotario
640 3428 678 3496 da
702 3428 859 3495 Gambara
881 3440 969 3517 parte
992 3427 1131 3496 domane
1155 3427 1194 3495 da
1221 3431 1282 3517 qua
1305 3449 1361 3516 per
1389 3426 1504 3495 andare
1529 3450 1546 3493 a
1569 3428 1611 3494 N.

241 3531 392 3620 Signore,
421 3546 454 3602 et
475 3557 528 3616 so,
559 3535 617 3602 che
646 3533 698 3602 nel
721 3558 846 3622 passare
874 3536 899 3600 si
928 3533 1104 3602 abbocheri
1133 3557 1195 3600 con
1219 3534 1337 3600 Vostra
1360 3533 1506 3621 Signoria
1530 3543 1561 3599 et
1584 3531 1612 3600 la

240 3638 423 3729 raguaglera
445 3639 525 3709 delle
550 3663 626 3709 cose
649 3660 771 3729 passate
794 3645 855 3730 qui
879 3653 910 3709 et
934 3638 1013 3707 della
1037 3664 1139 3721 causa,
1162 3640 1279 3728 perche
1302 3663 1341 3706 va
1364 3663 1380 3706 a
1400 3639 1462 3706 Sua
1481 3639 1610 3707 Santita.

241 3744 284 3811 La
307 3745 397 3834 quale
422 3750 450 3829 ὲ,
475 3746 533 3813 che
556 3747 588 3813 S.
613 3748 644 3813 S.
670 3748 759 3815 Rma.
785 3746 974 3815 desideretis
998 3769 1083 3814 esser
1105 3747 1223 3814 vicario
1252 3744 1427 3813 universale
1455 3744 1505 3813 del
1528 3746 1612 3833 Papa

241 3873 297 3938 per
319 3862 414 3933 tutto,
439 3874 460 3917 ο
483 3852 611 3920 aimeno
639 3855 671 3920 in
695 3853 824 3921 Francia
853 3864 883 3920 et
911 3852 1096 3940 Inghiltena
1125 3875 1187 3919 con
1215 3865 1301 3920 tanta
1329 3854 1467 3939 potesta,
1496 3862 1611 3940 quanta

242 3956 280 4024 ba
303 3956 366 4025 Sua
388 3957 596 4041 Beatitudine,
621 3983 695 4027 cosa
719 3982 786 4026 non
810 3970 911 4047 punto
939 3983 956 4025 a
979 3959 1146 4047 proposito
1172 3981 1229 4046 per
1252 3958 1315 4025 Sua
1338 3955 1551 4039 Beatitudine,
1581 3969 1611 4025 et

242 4063 300 4131 che
323 4063 467 4132 secondo
492 4089 545 4133 me
568 4088 653 4154 poco
676 4067 741 4154 pub
765 4066 888 4153 piacere
918 4066 1121 4147 aFrancesi3
1157 4087 1208 4131 ma
1237 4087 1293 4153 per
1319 4063 1340 4130 il
1368 4063 1523 4151 bisogn0,
1552 4063 1612 4131 cbe

242 4169 349 4237 hanno
373 4170 404 4238 di
427 4170 479 4253 lui,
503 4194 587 4240 sono
611 4170 720 4239 sorzati
744 4170 775 4238 di
798 4170 1028 4239 acconsentirli.
1075 4171 1157 4238 Perb
1182 4172 1226 4237 mi
1247 4192 1302 4259 par
1326 4168 1418 4251 bene,
1442 4170 1502 4237 che
1518 4169 1558 4237 V.
1576 4169 1608 4236 S.

242 4298 303 4343 con
327 4276 428 4366 quella
451 4275 612 4365 diligentia
636 4278 694 4345 cbe
718 4279 793 4366 pub,
818 4301 859 4344 ne
882 4279 1034 4345 avertisca
1057 4277 1119 4344 Sua
1142 4277 1271 4344 Sanun.

348 4400 561 4489 Compiegne,
589 4424 637 4488 14.
662 4399 822 4488 Septemb.
852 4420 944 4487 1527.

452 4578 481 4633 L.
502 4594 523 4633 c.
548 4596 573 4649 p.
595 4593 634 4647 52.
672 4568 745 4633 Uber
767 4577 810 4631 die
832 4577 960 4649 Senduug
983 4578 1131 4632 Gambaras
1154 4576 1237 4647 vergi,
1261 4575 1359 4629 Histor.
1379 4574 1467 4646 Jahrb.
1490 4593 1513 4629 a.
1532 4593 1554 4628 a.
1575 4575 1610 4631 Ο.

346 4666 372 4719 S.
393 4680 443 4719 222
464 4666 480 4720 f.
518 4666 667 4721 Francesco
686 4665 875 4732 Guicciardini,
898 4665 944 4719 der
967 4666 1098 4720 bekannte
1121 4664 1319 4719 florentinische
1343 4663 1611 4718 Gechicbtschreiber

347 4754 400 4808 und
418 4756 595 4823 Staatsmann
615 4773 670 4809 war
689 4756 725 4808 im
744 4755 767 4826 J.
789 4769 855 4824 ¹5²7
875 4754 1035 4826 papstlicher
1053 4754 1221 4809 Kommissar
1239 4753 1275 4806 im
1295 4752 1382 4805 Heere
1401 4751 1448 4805 der
1466 4751 1540 4822 Liga,
1559 4769 1611 4823 zog

347 4843 402 4897 sich
427 4842 498 4898 daun
521 4843 591 4910 aber,
615 4843 653 4897 als
672 4843 783 4897 Florenz
807 4843 867 4897 eine
890 4844 986 4898 immet
1009 4842 1181 4897 feiudlichere
1199 4840 1321 4913 Stelluug
1343 4857 1434 4912 gegen
1456 4840 1507 4894 den
1531 4839 1612 4912 Papst

347 4931 485 4998 einnahm,
509 4930 556 4985 aus
576 4932 665 5002 einige
684 4932 739 4986 Zeit
758 4948 811 4985 von
835 4931 887 4985 den
905 4929 1151 5003 Staatsgescha'rften
1174 4929 1277 4984 zurticlr.
1314 4928 1406 5001 Vergl.
1425 4928 1610 4997 Guicciardini,

347 5018 438 5089 Opere
457 5018 555 5072 inedito
574 5019 620 5087 IX,
640 5018 830 5074 Briefwecbsel
849 5037 896 5073 aus
914 5019 976 5073 dem
995 5019 1075 5093 Jahre
1096 5032 1170 5089 ¹527·
