3842 5592
258 333 323 401 1528
342 328 471 387 Oktober.
1582 322 1624 395 49

255 492 281 557 si
304 489 395 558 habbi
418 491 540 558 avenir
564 500 710 580 aquesto
733 488 851 557 iudicio
868 500 900 557 et
915 507 1033 577 presto,
1057 488 1173 577 perche
1190 510 1257 555 non
1282 488 1443 576 patiscano
1459 487 1624 576 indugio«,

254 596 430 685 allegando,
454 597 513 664 che
534 596 564 663 Ie
580 619 655 663 cose
678 595 729 664 del
754 618 874 683 »regno
893 607 974 662 tutte
997 606 1112 662 stanno
1130 607 1233 661 erecte
1257 613 1288 661 et
1311 593 1462 683 pendenti
1486 594 1536 662 nei
1560 593 1625 663 fine

256 701 286 771 di
309 715 418 792 questa
441 725 530 785 cosa,
558 703 587 769 13
609 701 700 791 quale
729 713 853 768 mentre
880 719 927 768 sta
955 699 1140 783 imesoiuta,
1169 712 1215 768 sta
1243 724 1305 767 con
1334 698 1449 767 infiniti
1476 710 1508 767 et
1535 724 1627 788 gran-

256 807 376 877 dissimi
404 807 565 898 pericoli«,

360 914 423 982 Del
444 925 547 982 tentat
571 913 720 981 »l'animo
745 912 824 980 deda
846 914 955 1001 regina
984 931 1015 980 et
1037 910 1179 980 suaderla
1202 935 1219 978 3
1242 912 1435 980 contentarsi
1463 911 1495 979 di
1518 915 1627 980 venire

256 1033 394 1110 separata
411 1032 442 1088 et
457 1022 490 1087 in
506 1018 705 1108 professione
726 1017 757 1085 di
773 1017 903 1108 qualche
920 1018 1108 1106 religione«,
1132 1019 1233 1085 siamo
1251 1019 1398 1084 concorsi
1413 1019 1444 1083 in
1461 1018 1626 1106 opinione,

257 1139 289 1194 et
311 1150 329 1193 a
350 1138 460 1215 questa
481 1128 531 1195 via
554 1125 586 1194 S.
602 1126 633 1192 S.
651 1125 741 1194 Rma.
766 1126 811 1191 mi
833 1137 993 1212 promette
1017 1126 1095 1211 ogni
1118 1125 1204 1192 aiuto
1228 1147 1287 1191 suo
1311 1137 1342 1191 et
1366 1123 1397 1191 di
1419 1126 1491 1192 tutti
1515 1123 1534 1190 li
1558 1147 1628 1213 pre·

257 1233 308 1301 lati
331 1231 382 1300 del
397 1255 499 1320 regno
523 1231 591 1300 etil
613 1231 702 1299 savor
725 1230 777 1298 del
794 1254 838 1313 re,
862 1254 925 1297 con
940 1229 1015 1297 sarie
1037 1242 1118 1297 tutte
1134 1228 1236 1319 quelle
1259 1231 1415 1298 honorate
1439 1231 1627 1315 conditioni,

258 1338 366 1407 ch’elia
389 1361 515 1427 sapesse
539 1336 750 1420 demandare,
779 1349 811 1404 et
833 1336 871 1404 da
895 1348 1006 1425 potere
1034 1355 1115 1403 stare
1139 1360 1233 1403 come
1256 1338 1365 1423 regina
1389 1341 1430 1404 ne
1458 1339 1491 1405 in
1514 1349 1627 1427 questo

257 1444 388 1534 perdere
411 1443 501 1526 altrO,
531 1445 589 1512 che
615 1443 720 1510 »I’uso
744 1442 824 1510 della
851 1464 987 1531 persona
1015 1440 1066 1509 del
1087 1466 1159 1524 re«,
1187 1440 1216 1509 13
1239 1442 1329 1531 quale
1357 1444 1434 1531 perh
1456 1445 1508 1531 gib
1535 1445 1627 1511 molti

258 1553 331 1618 anni
352 1549 422 1618 dice
445 1549 504 1617 che
527 1548 566 1616 ha
591 1575 607 1611 n
614 1547 761 1637 perduro,
786 1560 817 1615 et
835 1547 973 1615 lasciarle
996 1546 1024 1615 Ia
1040 1545 1127 1629 dote,
1151 1546 1267 1630 danari,
1289 1550 1468 1615 ornamenti
1492 1560 1524 1617 et
1546 1573 1629 1617 asse·

258 1657 422 1744 gnamenti
445 1678 500 1744 per
523 1679 583 1723 suo
606 1657 712 1723 vivere
736 1665 768 1722 et
790 1653 890 1721 molte
913 1653 989 1720 altre
1005 1676 1118 1736 cose«,
1143 1665 1175 1721 et
1198 1652 1422 1741 specialmente
1444 1655 1476 1723 di
1494 1654 1630 1724 stabilire

259 1763 336 1831 hora
360 1762 411 1830 »la
434 1762 617 1829 succession
645 1759 696 1827 del
722 1783 824 1848 regno
848 1759 928 1827 nella
951 1758 1106 1847 figliuoIa,
1136 1781 1198 1827 con
1222 1758 1334 1827 ordine
1363 1772 1395 1827 et
1415 1784 1575 1828 consenso
1599 1761 1630 1830 di

259 1871 330 1937 tutti
353 1869 373 1935 li
396 1870 467 1936 stati
495 1869 527 1934 in
551 1889 625 1934 caso
649 1867 708 1934 che
737 1890 804 1933 non
827 1867 855 1934 ci
883 1867 928 1933 sia
950 1865 1025 1934 altra
1049 1866 1230 1933 succession
1258 1865 1399 1953 legitima
1426 1866 1629 1935 masculina«.

259 1975 297 2042 Et
319 1975 426 2042 hanno
453 1987 586 2062 pensato
617 1972 673 2040 »di
701 1973 857 2040 maritarla
884 1996 947 2040 con
975 1971 1125 2061 dispensa
1149 1971 1180 2039 di
1202 1972 1264 2040 Sua
1287 1972 1406 2040 Santita
1433 1972 1460 2040 al
1485 1972 1630 2061 figliuolo

260 2079 378 2148 natural
397 2079 445 2148 dei
463 2103 497 2147 re
505 2105 535 2162 3,
558 2102 592 2146 se
608 2081 633 2145 si
649 2082 741 2167 porra
763 2077 836 2146 sare.
875 2078 980 2146 Ache
1005 2079 1123 2146 haveva
1145 2079 1236 2145 anch’
1261 2079 1292 2145 io
1309 2090 1442 2167 pensato
1458 2081 1560 2167 prima
1575 2102 1632 2167 per

259 2185 471 2255 stabilimento
496 2184 574 2254 della
596 2186 798 2253 successione
805 2211 814 2268 ;
847 2208 915 2251 non
939 2184 1035 2252 credo
1059 2186 1147 2272 perh,
1176 2184 1235 2251 che
1258 2195 1371 2273 questo
1394 2184 1529 2273 disegno
1553 2184 1632 2253 hasti

260 2316 315 2382 per
336 2294 495 2360 rimovere
519 2291 541 2358 il
562 2293 667 2380 primo
691 2289 849 2359 desiderio
873 2290 923 2358 dei
946 2313 989 2358 re.
1027 2291 1065 2359 Et
1088 2288 1216 2381 quando
1240 2290 1284 2357 ho
1308 2290 1408 2373 detto,
1432 2291 1491 2358 che
1514 2313 1632 2358 venen·

261 2397 330 2466 dosi
353 2422 371 2465 a
393 2397 503 2488 questa
531 2397 739 2465 dissolutione
769 2395 897 2465 sarebbe
926 2396 965 2463 da
987 2419 1119 2485 pensare
1148 2396 1180 2463 di
1202 2419 1270 2464 non
1294 2397 1389 2465 haver
1417 2398 1479 2463 mai
1507 2419 1631 2464 senon

264 2503 509 2573 »mortaiissima
532 2527 644 2592 guerra
668 2526 730 2570 con
747 2503 875 2585 Cesare,
897 2515 928 2569 et
951 2525 1014 2570 con
1030 2521 1139 2592 questa
1162 2504 1188 2568 si
1210 2502 1403 2590 perderebbe
1424 2505 1456 2570 in
1477 2513 1631 2591 perpetuo

262 2609 288 2677 13
310 2632 457 2699 speranza
481 2608 561 2677 della
577 2632 654 2698 pace
677 2609 863 2690 universale,
886 2610 931 2675 mi
954 2607 1105 2697 risponde
1128 2609 1187 2675 che
1204 2632 1282 2691 non,
1306 2610 1421 2697 perche
1444 2631 1511 2675 non
1528 2609 1560 2675 10
1580 2609 1633 2675 ha-

262 2720 334 2783 vera
356 2720 423 2784 cosi
445 2740 462 2782 3
485 2715 582 2798 maie,
609 2714 768 2784 trattando
793 2734 824 2783 et
846 2713 1029 2782 risolvendo
1050 2714 1078 2781 la
1101 2738 1175 2782 cosa
1198 2738 1260 2782 con
1285 2725 1375 2782 tanto
1399 2713 1576 2782 commodo
1601 2726 1632 2782 et

262 2822 386 2889 honore
416 2821 496 2889 della
525 2823 671 2909 regina«,
703 2822 819 2910 poiche
848 2844 915 2887 non
946 2825 963 2887 1
993 2820 1031 2888 da
1063 2820 1207 2903 credere,
1237 2822 1296 2888 che
1329 2821 1494 2889 »Cesarea
1526 2819 1632 2908 voglia

262 2929 407 3016 maggior
433 2950 569 3016 »guerra
593 2945 624 2995 et
646 2926 734 3014 briga
756 2926 815 2994 alle
831 2926 925 3015 spalle
946 2948 1002 3015 per
1018 2945 1138 3016 questa,
1162 2927 1220 2994 che
1241 2926 1350 2995 habbia
1365 2927 1476 2995 voluto
1499 2950 1554 3016 per
1570 2926 1632 2994 due

262 3034 337 3102 altre
361 3057 417 3101 sue
440 3033 554 3102 soreIIe
578 3034 713 3101 cacciate
736 3032 775 3099 da
798 3033 846 3100 lor
869 3034 960 3120 regni
983 3046 1015 3100 et
1037 3034 1132 3101 stati«
1144 3038 1165 3101 ¹.

367 3141 405 3208 Et
428 3151 547 3230 quanto
571 3139 627 3207 3113
649 3163 726 3228 pace
750 3138 819 3206 dice
842 3139 874 3206 S.
898 3139 929 3205 S.
954 3140 1057 3222 Rma.,
1088 3140 1146 3207 che
1169 3164 1210 3207 ne
1233 3139 1271 3207 ha
1294 3138 1381 3207 buon
1405 3140 1577 3227 maneggio
1602 3160 1633 3207 et

262 3246 368 3314 buona
389 3248 579 3328 intentione,
603 3250 644 3312 ne
667 3268 723 3334 per
744 3256 857 3335 questo
881 3246 907 3311 si
930 3244 1063 3328 turbata,
1088 3258 1119 3313 et
1141 3244 1374 3333 stringendomi
1398 3257 1430 3313 et
1452 3244 1634 3313 Iacendomi

262 3353 408 3420 instantia
437 3351 468 3419 di
491 3351 617 3419 celerith
645 3375 701 3440 per
724 3364 835 3441 questa
862 3350 1079 3440 expeditione,
1110 3375 1201 3418 »non
1228 3350 1370 3440 sapendo
1397 3352 1526 3439 pigliare
1554 3350 1633 3418 altro

264 3457 466 3547 expediente,
493 3481 587 3525 come
616 3456 654 3525 da
681 3481 733 3526 me
766 3456 908 3525 secondo
938 3457 996 3524 che
1025 3457 1087 3524 Sua
1114 3457 1233 3524 Santitb
1261 3458 1306 3523 mi
1333 3458 1520 3539 commisse,
1550 3456 1633 3524 ch'io

263 3565 406 3631 scrivessi
429 3583 459 3631 et
483 3565 646 3652 aspettassi
668 3565 813 3651 risposta,
837 3564 879 3630 ho
904 3562 1004 3646 detto,
1028 3563 1087 3630 che
1110 3560 1265 3651 pattendo
1289 3562 1321 3630 di
1343 3565 1432 3630 costa
1453 3561 1516 3629 Sua
1534 3563 1635 3630 Beati-

263 3668 372 3737 tudine
395 3671 440 3736 mi
464 3668 639 3753 domandi),
663 3670 722 3737 che
746 3682 896 3737 concerto
921 3681 952 3737 et
974 3668 1105 3736 fantasia
1128 3669 1247 3736 haveva
1270 3670 1302 3735 in
1319 3688 1429 3758 questa
1451 3691 1579 3751 causa«,
1604 3688 1634 3736 er

264 3775 348 3843 ch'io
372 3775 392 3841 li
413 3777 543 3864 risposi,
571 3776 655 3844 ch’io
681 3799 773 3843 »non
797 3798 849 3843 era
872 3774 1006 3843 risoluto
1030 3798 1183 3858 ancora«,
1210 3798 1263 3841 ma
1286 3775 1345 3842 che
1367 3774 1500 3842 risoluto
1527 3775 1635 3842 »ch'io

264 3880 350 3965 iussi,
373 3881 465 3948 lene
488 3881 572 3949 daria
595 3883 682 3948 aviso
705 3882 806 3970 prima
829 3882 912 3949 ch'io
936 3882 1052 3949 venissi
1076 3881 1103 3948 31
1126 3882 1341 3969 pronuntiare.
1386 3881 1427 3946 Di
1452 3879 1510 3947 che
1532 3880 1635 3949 multo

265 3989 291 4053 si
306 3986 398 4055 turbo
424 4006 455 4054 et
471 3986 570 4055 disse:
594 3986 688 4054 sisic
711 4006 769 4069 est,
793 3986 870 4054 nolo
887 3988 1052 4075 negotiare
1068 3987 1234 4055 vobiscum
1256 3988 1325 4054 sine
1341 3998 1508 4075 potestate,
1532 4010 1637 4076 neque

265 4094 310 4160 sic
331 4095 433 4181 agitur
449 4117 522 4160 cum
546 4116 662 4180 rege«;
693 4104 723 4160 et
745 4092 965 4175 mostrandoli‚
989 4093 1048 4161 che
1064 4106 1178 4182 questo
1201 4115 1267 4160 non
1285 4091 1408 4175 dicevn,
1432 4094 1549 4182 perche
1570 4117 1637 4160 non

266 4201 294 4267 ci
316 4198 399 4267 fosse
428 4199 456 4266 la
478 4197 606 4281 1300111,
634 4222 687 4265 ma
715 4198 786 4265 solo
815 4221 871 4287 per
894 4200 1022 4289 exequir
1050 4218 1169 4288 quanto
1197 4199 1316 4267 haveva
1343 4222 1512 4287 promesso
1536 4223 1554 4266 3
1575 4199 1637 4266 Sua

265 4304 477 4387 Beatitudine‚
506 4328 567 4372 con
591 4304 668 4372 altre
696 4304 804 4393 parole
833 4327 1014 4393 passammo
1043 4305 1122 4372 oltra
1149 4324 1280 4394 quest03
1315 4329 1368 4372 ma
1395 4329 1429 4372 se
1451 4307 1479 4372 ci
1506 4316 1599 4373 toma
1621 4328 1638 4371 a

266 4434 408 4500 pensare,
435 4433 525 4478 »non
548 4411 569 4477 li
590 4412 722 4499 piaoerd,
746 4415 788 4478 ne
811 4412 844 4478 io
867 4433 916 4493 s0‚
940 4434 1034 4479 come
1057 4412 1153 4500 potrh
1176 4422 1352 4493 sostenere,
1376 4409 1490 4478 stando
1514 4410 1543 4475 le
1562 4431 1638 4475 cose

267 4516 329 4585 neli
345 4518 473 4586 termini
489 4516 547 4585 che
563 4530 689 4600 stann0,
706 4518 823 4606 perche
839 4540 922 4585 sono
939 4516 1149 4586 abbandonati
1166 4530 1197 4586 et
1213 4517 1340 4605 affogati
1359 4528 1448 4585 tanto
1465 4518 1497 4582 in
1514 4527 1638 4603 questo,

267 4623 325 4691 che
348 4647 416 4691 non
440 4627 457 4690 1
479 4623 628 4712 possibile
651 4623 823 4692 rimoverli.
869 4624 929 4692 Per
952 4644 1072 4713 quanto
1096 4626 1140 4691 mi
1168 4623 1207 4690 ha
1231 4623 1320 4691 detto
1345 4644 1416 4689 esso
1439 4620 1639 4689 Eboracense

269 4748 300 4799 et
322 4729 361 4797 da
381 4730 459 4818 ogni
485 4729 587 4797 banda
610 4729 744 4798 intendo
768 4730 807 4799 da
828 4732 913 4799 varie
941 4754 1093 4820 persone,
1118 4731 1176 4797 che
1199 4753 1234 4797 se
1256 4741 1366 4818 questa
1389 4751 1464 4794 cosa
1492 4729 1518 4794 si
1541 4739 1639 4795 metra

269 4876 478 4884 ——-———-———..-

373 4951 382 4980 ¹
402 4940 494 5012 Vergl.
514 4951 596 4996 unten
613 4942 661 4996 Nr.
681 4941 752 4998 VIII.
771 4943 798 4995 in
817 4941 864 4996 det
881 4941 1105 5013 Korrespondenz
1124 4940 1171 4995 des
1190 4938 1269 4994 Kard.
1289 4939 1403 4995 Salviati.

321 5065 427 5120 Ehrer,
440 5063 569 5109 1113313013
583 5065 742 5110 Dokumente.
1484 5072 1495 5106 r
