3802 5606
238 332 347 389 Summa
367 326 539 394 defensionis,

907 528 944 596 ll.

345 671 553 742 Rechtserngung
570 672 616 723 der
636 671 1006 740 Exlommunilcationssentenr
1020 690 1102 742 gagen
1123 672 1245 727 Heinrich
1264 673 1287 725 V
1288 674 1334 727 ΙΙΙ.

334 831 434 914 Quod
452 832 592 919 legitima
607 829 665 897 fuit
681 831 1002 898 SanctitatisVestrae
1015 830 1185 900 declaratio
1202 855 1296 921 super
1312 836 1505 922 attemptatis
1521 834 1610 903 facta.

335 955 411 1022 Non
428 966 547 1042 negant
570 956 654 1042 regis
671 953 865 1035 defensores,
889 953 976 1044 quod
993 978 1028 1021 ea
1045 978 1124 1044 quae
1148 978 1201 1022 rex
1221 955 1332 1024 fecisse
1348 956 1471 1039 dicitur,
1496 957 1611 1027 fuerint

238 1062 294 1130 hac
317 1061 593 1128 animadversione
617 1060 712 1147 digna
720 1088 729 1143 3
754 1062 809 1128 sed
833 1060 908 1128 illud
932 1072 1053 1128 tantum
1079 1074 1327 1151 conqueruntur,
1351 1064 1437 1153 quod
1461 1089 1526 1132 non
1552 1069 1610 1133 rite

237 1180 267 1236 et
283 1167 458 1236 secundum
475 1167 622 1235 ordinem
646 1165 835 1234 iudiciorum
852 1166 891 1234 ad
910 1190 945 1234 ea
968 1166 1154 1256 inquirenda
1178 1180 1209 1235 et
1226 1168 1403 1237 damnanda
1424 1194 1609 1259 processum

236 1273 337 1342 fuerit.
371 1275 492 1342 Contra
516 1296 597 1362 quos
620 1272 754 1341 dicimus
777 1272 865 1363 quod
888 1275 990 1340 immo
1014 1275 1072 1340 rite
1096 1275 1205 1340 omnia
1228 1294 1259 1341 et
1282 1275 1457 1344 secundum
1483 1278 1569 1365 leges
1593 1302 1610 1344 a

236 1381 406 1449 Sanctitate
423 1382 535 1448 Vestra
563 1379 650 1447 fuere
674 1378 767 1461 facta,
797 1378 1004 1446 discurrendo
1033 1403 1089 1468 per
1113 1403 1227 1448 omnes
1256 1381 1322 1448 illas
1346 1405 1468 1466 causas,
1497 1384 1609 1473 quibus

236 1488 301 1574 ipsa
324 1488 447 1554 moveri
471 1488 574 1575 potuit
597 1485 635 1553 ad
660 1488 701 1553 ita
724 1484 937 1565 statuendum,
965 1509 1044 1574 quae
1069 1510 1179 1554 causae
1203 1486 1240 1553 ab
1264 1489 1339 1575 ipsis
1364 1490 1458 1556 etiam
1484 1488 1609 1558 fuerunt

236 1592 461 1661 consideratae.

340 1718 422 1785 Nam
448 1719 553 1805 primo
576 1716 680 1806 quoad
704 1715 924 1784 vindicandam
955 1715 993 1783 ab
1017 1716 1128 1783 iniuria
1155 1719 1314 1804 reginam,
1345 1719 1430 1808 quod
1455 1743 1522 1787 non
1551 1721 1608 1789 alia

235 1825 377 1912 cognitio
407 1848 466 1891 nec
494 1824 571 1891 alius
599 1825 674 1890 iuris
703 1822 784 1889 ordo
809 1821 865 1889 fuit
894 1823 1105 1905 necessarius,
1134 1824 1194 1889 nisi
1224 1845 1258 1891 ut
1288 1847 1343 1891 rex
1371 1824 1608 1909 admoneretur,

235 1929 321 2019 quod
344 1931 427 1997 illam
453 1931 605 2018 reciperet
629 1953 664 1996 ac
688 1953 729 1996 ne
753 1928 844 1996 aliam
869 1929 998 1996 duceret
1028 1928 1258 2018 pendentisque
1281 1929 1387 1998 iudicii
1413 1933 1531 2000 exitum
1556 1958 1609 2001 ex·

234 2048 387 2123 pectatet3
421 2060 597 2125 quaecum
626 2059 719 2124 saepe
747 2034 863 2102 fuerint
892 2033 971 2103 lacta
995 2034 1160 2123 multoque
1189 2049 1336 2124 tempore
1360 2037 1452 2106 luerit
1481 2062 1534 2106 rex
1559 2051 1608 2107 to-

234 2142 362 2224 leratus‚
391 2166 455 2232 quo
485 2142 640 2211 mandatis
669 2143 847 2209 Sanctitatis
864 2142 996 2209 Vestrae
1025 2164 1133 2229 parere
1162 2141 1213 2209 vel
1240 2144 1367 2226 saltem,
1397 2167 1452 2211 cur
1480 2146 1510 2212 id
1540 2168 1607 2213 non

234 2246 359 2331 faceret,
384 2272 508 2317 cansam
533 2249 666 2336 allegare
691 2249 804 2338 potuit,
829 2270 895 2314 non
920 2259 968 2315 est
991 2245 1132 2329 dubium,
1156 2248 1242 2337 quod
1268 2262 1353 2317 recte
1378 2252 1490 2318 etrite
1515 2250 1608 2319 fuerit

233 2353 405 2423 declaratus
429 2357 461 2421 in
486 2358 696 2422 comminatas
719 2377 866 2422 censuras
890 2365 922 2421 et
945 2376 1064 2442 poenas
1088 2353 1245 2422 incidisse.

339 2479 457 2561 Quoad
480 2480 609 2549 alteram
634 2479 695 2547 litis
714 2477 903 2567 pendentiae
927 2479 1095 2560 rationem,
1120 2477 1196 2545 dum
1220 2479 1271 2546 isti
1294 2481 1368 2547 satis
1385 2480 1529 2569 imperite
1553 2505 1608 2551 ne·

232 2597 322 2672 gant,
351 2585 438 2675 quod
461 2585 498 2653 lis
522 2609 561 2653 eo
585 2598 731 2674 tempore
755 2584 908 2673 penderet
932 2582 980 2651 vel
1006 2583 1101 2651 hodie
1127 2585 1220 2652 etiam
1250 2584 1387 2672 pendeat
1411 2610 1447 2654 ea
1471 2589 1605 2671 ratione,

232 2691 318 2780 quod
342 2691 491 2760 iudicium
520 2714 694 2782 numquam
723 2690 816 2759 fuerit
838 2714 855 2758 a
878 2713 955 2776 rege
982 2710 1147 2779 acceptum
1175 2713 1236 2758 nec
1264 2690 1397 2759 liscum
1427 2716 1467 2760 eo
1496 2714 1606 2763 conte-

232 2810 323 2865 stata:
355 2822 415 2865 nos
440 2798 584 2881 dicimus,
613 2800 711 2886 aperti
734 2799 809 2864 iuris
833 2820 917 2880 esse,
941 2795 1028 2887 quod
1052 2798 1083 2863 in
1108 2797 1170 2864 lroc
1194 2796 1311 2865 iudicio
1335 2798 1418 2866 nulla
1442 2799 1503 2868 litis
1527 2823 1605 2868 con-

231 2906 357 2972 testatio
387 2904 445 2973 fuit
475 2906 666 2986 necessaria,
695 2903 844 2994 quodque
872 2903 910 2971 ab
939 2905 1008 2992 ipso
1038 2904 1194 2971 citationis
1222 2916 1368 2993 tempore
1400 2905 1436 2972 lis
1465 2906 1605 2995 pendere

232 3011 357 3098 incepit,
381 3034 442 3101 qua
465 3010 597 3079 durante
621 3013 730 3078 omnia
753 3021 936 3098 attemptata
958 3009 1084 3077 fuerunt
1108 3020 1139 3077 et
1162 3023 1235 3078 sunt
1258 3012 1447 3080 revocanda.

337 3135 456 3218 Quoad
487 3137 612 3203 tertiam
643 3148 847 3223 contemptus
878 3134 1050 3202 litterarum
1079 3134 1259 3202 Sanctitatis
1283 3136 1416 3203 Vestrae
1447 3138 1604 3205 rationem

232 3239 365 3309 dicimus
392 3244 508 3331 primu,
537 3241 622 3331 quod
648 3264 703 3310 eae
731 3264 798 3308 non
827 3263 883 3328 per
906 3240 1031 3308 alterius
1060 3230 1153 3328 partis
1177 3242 1467 3328 importunitatem,
1497 3256 1531 3311 ut
1554 3245 1604 3312 isti

231 3360 505 3438 praesupponunt,
534 3347 590 3416 sed
613 3349 743 3436 proprio
768 3360 858 3415 motu
883 3347 1061 3414 Sanctitatis
1078 3347 1226 3428 Vestrae,
1255 3348 1300 3414 sic
1324 3359 1461 3435 cogente
1487 3349 1603 3417 iustitia

232 3464 262 3520 et
285 3456 440 3544 aequitate
469 3454 595 3522 fuerunt
623 3454 662 3522 ad
689 3476 800 3542 regem
829 3453 1012 3521 destinatae.
1059 3451 1219 3533 Secunde,
1248 3452 1334 3542 quod
1362 3455 1393 3520 in
1423 3452 1481 3520 illis
1510 3452 1604 3523 desti-

231 3559 342 3627 nandis
373 3584 440 3628 non
473 3581 552 3643 erat,
584 3583 638 3628 cur
666 3562 749 3648 regis
779 3561 873 3648 legati
902 3559 952 3626 vel
983 3559 1050 3647 ipse
1081 3559 1175 3626 etiam
1208 3577 1374 3626 excusator
1403 3578 1602 3628 vocarentur.

230 3665 354 3749 Terti0‚
383 3667 469 3757 quod
498 3691 556 3756 pro
586 3687 674 3735 certo
698 3667 788 3735 scivit
811 3666 965 3734 Sanctitas
984 3666 1113 3746 Vestra,
1142 3688 1249 3731 earum
1279 3665 1396 3755 aliquas
1425 3665 1464 3733 ad
1490 3689 1603 3734 manus

230 3773 312 3859 regis
344 3776 541 3861 pervenisse,
574 3774 690 3863 aliquas
722 3772 761 3840 ad
794 3774 861 3839 eius
893 3773 1038 3840 notitiam
1075 3771 1215 3859 legitime
1249 3773 1414 3860 pervenire
1449 3774 1601 3861 potuisse.

230 3877 366 3961 Quarto,
389 3879 474 3969 quod
499 3883 582 3969 regis
598 3879 677 3948 facta
700 3880 826 3947 notoria
850 3877 976 3946 fuerunt
999 3876 1148 3967 quodque
1172 3876 1212 3944 de
1236 3877 1293 3944 illis
1317 3901 1373 3965 per
1396 3878 1602 3948 Sanctitatem

231 3984 377 4053 Vestram
401 3986 457 4054 fuit
481 3987 531 4054 illa
553 3985 698 4076 probatio
722 3999 893 4073 assumpta,
917 4008 997 4074 quae
1021 3983 1169 4053 derebus
1193 3986 1329 4052 notoriis
1352 3983 1410 4053 fuit
1425 3984 1602 4053 secundum

230 4089 314 4179 leges
338 4093 528 4181 accipienda.
568 4093 692 4175 Quinto
717 4093 804 4183 quod
828 4092 939 4162 eadem
963 4094 1047 4179 regis
1070 4091 1149 4159 facta
1173 4091 1331 4159 eiusmodi
1354 4091 1490 4175 fuerunt,
1514 4093 1601 4182 quod

230 4219 247 4262 a
270 4197 439 4267 Sanctitate
456 4201 569 4268 Vestra
597 4224 664 4268 non
694 4199 751 4268 fuit
778 4197 1018 4289 inquirendum,
1046 4222 1111 4287 quo
1135 4199 1244 4266 animo
1273 4222 1378 4288 quove
1406 4197 1540 4265 consilio
1563 4197 1601 4266 ab

231 4326 270 4370 eo
293 4302 408 4373 fuerint
426 4305 514 4374 facta.
561 4307 670 4388 Sext0,
694 4305 781 4395 quod
804 4328 908 4395 neque
931 4327 986 4371 rex
1009 4303 1066 4373 fuit
1083 4307 1267 4371 ¹necessario
1291 4304 1434 4372 citandus
1456 4304 1507 4372 vel
1529 4327 1601 4371 mo·

230 4410 363 4493 nendus,
393 4435 464 4479 cum
490 4412 529 4480 de
553 4412 718 4501 praedictis
746 4411 891 4502 probatio
915 4410 972 4478 fuit
995 4423 1135 4498 sumpta,
1165 4434 1268 4499 neque
1295 4422 1364 4478 tum
1388 4411 1498 4491 etiam,
1527 4432 1600 4477 cum

231 4538 340 4584 eorum
366 4541 457 4586 causa
480 4519 537 4587 luit
560 4518 763 4600 declaratum,
787 4520 890 4606 ipsum
916 4519 947 4584 in
972 4540 1120 4585 censuras
1143 4516 1368 4584 ecclesiasticas
1391 4515 1547 4583 incidisse.

334 4643 502 4710 Postremo
527 4642 671 4725 dicimus,
694 4641 782 4731 quod
804 4655 927 4711 tantum
952 4641 1053 4723 abest,
1077 4654 1111 4710 ut
1134 4641 1287 4708 Sanctitas
1306 4640 1420 4706 Vestra
1443 4637 1600 4727 praedicta

229 4750 406 4818 inconsulte
431 4762 462 4818 et
484 4749 716 4819 inconsiderate
739 4749 858 4831 fecerit,
882 4746 1156 4837 quemadmodum
1176 4747 1226 4814 isti
1249 4744 1489 4827 calumniantur,
1512 4744 1599 4833 quod

228 4857 333 4943 potius
349 4856 523 4925 verendum
549 4869 607 4939 est,
631 4879 672 4923 nc
687 4856 753 4944 ipsa
777 4857 874 4924 nimia
897 4852 1141 4922 mansuetudine
1165 4865 1196 4920 et
1219 4850 1414 4938 indulgentia
1439 4874 1495 4917 sua
1518 4872 1599 4917 non-

228 4963 304 5030 nihil
334 4963 559 5035 ecclesiasticae
588 4962 770 5051 disciplinae
798 4962 983 5050 dignitatem
1013 4959 1181 5027 offenderit
1210 4980 1246 5025 ac
1274 4981 1346 5045 spes
1374 4958 1458 5045 regis
1489 4956 1599 5026 aluerit
