3836 5598
235 310 298 363 1532
321 292 440 350 Februar.

877 525 961 609 123.

320 701 503 770 Heinrich
525 701 608 768 VIII.
633 724 672 768 an
698 701 878 769 Clemens
898 701 967 768 Vll.
1013 700 1162 784 London,
1188 703 1238 768 28.
1263 701 1399 770 februar
1425 722 1516 790 1532.

340 878 442 949 Hrflige
461 879 630 942 Besclnuerde,
652 878 712 948 dass
734 896 794 932 man
818 881 845 932 in
873 878 936 932 Rom
958 879 1007 930 den
1027 877 1176 947 Engldnder
1195 880 1244 933 Dr.
1267 879 1352 933 Curae
1375 880 1441 934 nicht
1465 883 1504 935 uls
1527 883 1605 935 rech!-

233 970 358 1040 mrtssigen
378 967 522 1021 Exkusator
533 967 584 1037 fttr
602 967 648 1020 das
664 966 881 1019 Nichterschrinen
899 968 942 1019 des
957 965 1056 1036 Kom'gs
1073 968 1181 1035 aulana,-
1203 968 1345 1037 dringende
1364 969 1439 1033 Birta,
1457 971 1524 1023 diere
1538 969 1607 1022 Wei-

231 1075 332 1127 perrmg
352 1057 418 1110 atich!
441 1058 533 1127 Integer
552 1055 667 1127 ansrecht
689 1074 718 1125 (u
739 1056 850 1108 erhalten
876 1055 928 1107 rand
946 1054 1045 1107 errdlich
1063 1055 1105 1107 die
1125 1053 1202 1108 Sache
1224 1056 1268 1108 des
1287 1056 1385 1127 Konigs
1409 1060 1436 1110 in
1455 1059 1608 1112 araterrium

235 1145 306 1199 Huld
324 1146 376 1199 und
397 1145 479 1199 Gunst
498 1163 529 1215 (u
547 1144 710 1198 entscher'dan.

340 1305 523 1372 Beatissime
540 1303 641 1384 Pater,
664 1315 738 1391 post
762 1301 970 1370 humillimam
987 1302 1303 1371 commendationem
1321 1317 1352 1372 et
1367 1305 1484 1392 pedum
1502 1309 1609 1375 oscula

234 1412 410 1479 beatorum.
451 1410 596 1478 Graviter
619 1408 793 1477 admodum
819 1408 1017 1497 molesteque
1040 1410 1221 1497 accipimus,
1246 1433 1350 1498 neque
1375 1413 1490 1494 minus,
1514 1436 1608 1503 quam

236 1540 293 1604 pro
315 1518 360 1584 rei
385 1516 571 1604 indignitate
594 1538 650 1604 par
672 1526 729 1597 est,
754 1514 911 1596 dolemus,
935 1513 1021 1603 quod
1045 1513 1186 1582 subditus
1210 1516 1269 1582 iste
1293 1527 1403 1584 noster
1424 1517 1481 1585 Dr.
1504 1518 1610 1586 Carne

236 1623 486 1692 adversariorum
502 1620 700 1712 quorundam
726 1619 842 1689 artibus
866 1632 897 1687 et
920 1621 1089 1709 pertinacia
1111 1622 1205 1687 nimis
1229 1621 1373 1710 improba
1397 1623 1524 1711 quidem
1549 1623 1610 1692 illic

237 1753 254 1795 a
276 1729 419 1817 legitimo
444 1728 636 1796 excusatoria
664 1750 797 1793 munere
827 1725 1024 1814 impediatur.
1069 1725 1125 1794 Est
1148 1740 1234 1794 certe
1262 1725 1335 1795 illud
1363 1727 1461 1817 longe
1489 1744 1611 1819 praeter

237 1837 489 1923 expectationem
515 1858 549 1901 ac
574 1833 685 1901 merita
709 1833 740 1899 in
765 1834 856 1900 istam
877 1830 993 1900 Sedern
1018 1846 1136 1914 nostra,
1160 1846 1192 1900 et
1215 1846 1323 1900 tamen
1348 1846 1507 1924 utcunque
1530 1837 1610 1905 tole-

237 1941 331 2009 rabile
355 1939 448 2022 foret,
471 1942 497 2006 si
520 1942 552 2007 in
570 1963 631 2007 nos
652 1939 813 2007 dumtaxat
837 1950 1043 2027 nostramque
1059 1939 1203 2006 iniuriam
1229 1940 1290 2007 hoc
1308 1940 1426 2009 malum
1448 1943 1610 2012 recideret.

239 2048 389 2116 Ceterum
414 2070 485 2115 cum
511 2047 569 2115 hac
592 2047 714 2114 ratione
738 2047 803 2113 iura
826 2046 935 2112 omnia
960 2069 1032 2113 cum
1057 2045 1252 2114 divinatum
1282 2046 1418 2114 humana
1442 2048 1611 2133 violentur,

239 2153 385 2221 naturalis
410 2155 503 2221 etiarn
533 2153 696 2242 aequitatis
727 2165 758 2219 et
781 2152 915 2219 iustitiae
944 2153 1023 2218 ratio
1047 2165 1241 2240 pervertatur
1270 2165 1301 2219 et
1325 2154 1446 2239 pietatis
1475 2154 1612 2244 denique

239 2259 383 2341 affectus,
413 2283 507 2348 quam
536 2257 679 2326 subditus
707 2258 838 2345 principi
869 2255 977 2338 debet,
1008 2256 1181 2339 frustretur,
1210 2270 1332 2326 vestrae
1363 2259 1547 2347 prudentiae
1577 2286 1614 2329 nc

240 2364 459 2433 sollicitudinis
474 2364 637 2453 pastoralis
661 2386 730 2431 esse
746 2362 942 2445 arbitramur,
966 2386 1074 2431 curare
1090 2363 1212 2445 sedulo,
1237 2384 1271 2431 ut
1287 2365 1355 2453 plus
1373 2365 1455 2454 apud
1479 2367 1614 2436 tribunal

241 2471 322 2538 istud
346 2484 485 2539 vestrum
514 2471 628 2538 iustitia
656 2470 794 2558 aequitas
819 2481 850 2536 et
878 2468 1024 2537 naturalis
1053 2469 1207 2558 quaedam
1231 2472 1340 2558 pietas,
1369 2495 1463 2560 quam
1488 2472 1614 2542 fraudes

242 2589 272 2645 et
294 2577 428 2645 aliomm
452 2579 594 2666 potentia
617 2575 748 2644 valeant.
795 2575 872 2643 Non
898 2575 946 2642 hic
970 2575 1056 2643 lubet
1074 2599 1331 2644 commemorare
1355 2590 1386 2644 et
1409 2578 1550 2667 quotidie
1575 2579 1614 2648 ad

241 2707 331 2751 aures
354 2683 532 2751 Sanctitatis
550 2684 682 2750 Vestrae
706 2680 893 2763 acclamare,
923 2705 1018 2770 quam
1043 2683 1131 2750 iustis
1161 2681 1375 2750 fundamentis
1399 2683 1472 2752 dicti
1501 2684 1615 2754 subditi

243 2790 343 2856 nostri
366 2790 536 2877 petitiones
561 2791 713 2871 nitantur;
746 2800 777 2855 et
802 2787 841 2856 de
856 2787 1020 2855 voluntate
1044 2800 1151 2856 nostra
1174 2788 1368 2877 approbante
1392 2813 1437 2873 ea,
1461 2815 1540 2880 quae
1565 2816 1616 2860 ex·

243 2897 395 2964 cusatoris
411 2898 544 2963 nomine
560 2894 598 2962 ab
615 2919 654 2963 eo
670 2907 758 2983 gesta
774 2908 857 2977 sunt,
877 2895 950 2962 satis
967 2897 1028 2962 iarn
1045 2895 1166 2983 pridem
1184 2918 1240 2983 per
1255 2895 1372 2963 litteras
1387 2911 1523 2981 nostras,
1540 2922 1616 2988 quas

243 3002 371 3070 adeum
397 3001 552 3083 dedimus,
577 3001 681 3069 eidem
701 3001 862 3068 Sanctitati
880 3001 1013 3068 Vestrae
1037 3015 1183 3068 constare
1207 3025 1405 3091 nequaquam
1428 3002 1616 3073 dubitamus.

242 3109 281 3175 Et
302 3118 409 3176 tamen
425 3107 584 3196 prohiberi
609 3106 769 3176 subditum
785 3119 943 3189 nostrum,
967 3108 1138 3196 quominus
1156 3130 1229 3195 erga
1254 3131 1313 3175 nos
1330 3110 1507 3198 principem
1524 3134 1616 3179 suum

243 3213 274 3282 id
291 3213 387 3282 officii
410 3226 547 3303 praestet
571 3226 602 3281 et
624 3213 780 3297 beneficii,
804 3212 891 3303 quod
907 3213 1049 3282 subditus
1073 3215 1105 3280 in
1122 3216 1298 3303 principem
1322 3216 1453 3283 naturali
1477 3217 1616 3307 quodam

244 3322 310 3389 iure
334 3321 489 3388 collocare
513 3339 653 3387 tenetur:
678 3320 753 3387 illud
777 3343 855 3388 vero
879 3321 994 3387 sinon
1019 3333 1066 3388 est
1090 3321 1282 3387 contumelia
1307 3333 1338 3388 et
1362 3344 1429 3388 non
1454 3323 1618 3390 toleranda

245 3428 370 3508 iniuria,
394 3428 507 3494 Vestra
531 3426 685 3493 Sanctitas
714 3427 808 3494 etiam
839 3438 932 3514 atque
961 3427 1055 3492 etiam
1085 3425 1206 3494 viderit.
1261 3427 1331 3493 Nos
1360 3428 1502 3509 interim,
1531 3429 1618 3517 quod

245 3557 344 3600 unum
373 3555 543 3622 possumus
566 3531 715 3622 quodque
744 3545 836 3599 antea
859 3533 1042 3620 saepissime
1065 3531 1210 3613 fecimus,
1238 3555 1390 3619 rogamus
1413 3533 1617 3601 Sanctitatem

246 3639 393 3707 Vestram
417 3663 511 3729 quam
540 3661 711 3727 possumus
734 3638 1031 3719 vehementissime,
1060 3640 1174 3727 pariter
1204 3650 1234 3705 et
1258 3640 1368 3707 Rmos.
1393 3640 1496 3706 Dnos.
1522 3640 1620 3708 cardi·

247 3745 332 3814 nales
355 3748 387 3813 in
412 3746 604 3815 consistorio
628 3745 809 3829 existentes,
839 3764 871 3812 ut
896 3766 961 3811 non
986 3744 1118 3833 amplius
1142 3743 1287 3812 differant
1316 3744 1434 3813 dictum
1459 3744 1618 3814 subditum

247 3871 393 3920 nostrum
417 3874 475 3940 pro
500 3851 677 3919 certissimo
702 3862 887 3919 excusatore
911 3849 1077 3917 admittere
1100 3862 1132 3917 et
1156 3874 1279 3918 causam
1310 3871 1452 3919 nostram
1477 3851 1620 3940 benigno

249 3971 280 4025 et
302 3970 435 4047 paterno
458 3956 598 4046 quodam
621 3955 730 4024 favore
753 3957 913 4045 prosequi,
937 3978 1001 4045 quo
1018 3958 1151 4023 nomine
1174 3957 1307 4043 gratiam
1330 3957 1412 4046 apud
1428 3958 1535 4025 Deum
1553 3958 1622 4046 Op·

247 4066 361 4131 timum
385 4064 577 4145 Maximum,
605 4064 738 4131 iustitiae
762 4074 953 4130 assertorem
981 4075 1012 4129 et
1034 4061 1205 4143 vindicem,
1229 4063 1322 4130 simul
1346 4084 1377 4131 et
1401 4063 1483 4153 apud
1507 4087 1622 4132 omnes

250 4170 399 4238 mortales
430 4168 555 4237 laudem
586 4180 617 4237 et
646 4169 780 4257 gloriam
812 4169 966 4236 Sanctitas
990 4169 1103 4235 Vestra
1134 4192 1283 4256 magnam
1315 4169 1397 4237 haud
1429 4168 1521 4238 dubie
1551 4193 1623 4259 pro·

250 4274 430 4344 merebitur.
477 4275 571 4357 Quae
596 4274 775 4343 felicissime
799 4298 835 4342 ac
858 4274 1034 4343 diutissime
1057 4275 1166 4342 valeat.

356 4418 400 4484 Ex
424 4418 510 4504 regia
534 4428 641 4484 nostra
665 4415 805 4484 Londini
828 4415 879 4484 die
903 4418 944 4483 28
968 4415 1126 4484 Februarii
1154 4437 1247 4503 1532.

865 4576 900 4643 E.
923 4576 954 4642 S.
973 4575 1014 4643 V.

252 4699 476 4768 devotissimus
500 4719 593 4788 atque
617 4699 921 4790 obsequentissimus
949 4697 1031 4766 filius
1055 4699 1096 4765 D.
1118 4721 1150 4787 g.
1175 4698 1309 4786 Angliae
1334 4708 1365 4765 et
1388 4697 1536 4764 franciae
1560 4721 1625 4780 rex,

681 4804 734 4873 fid.
759 4804 819 4873 def.
845 4829 879 4873 ac
903 4806 1004 4872 Dnns.
1030 4803 1199 4871 Hiberniae

1355 4909 1519 4976 Henricus

1433 5033 1470 5076 n·
