<?xml version="1.0" encoding="UTF-8"?>
<!DOCTYPE html PUBLIC "-//W3C//DTD XHTML 1.0 Transitional//EN"
    "http://www.w3.org/TR/xhtml1/DTD/xhtml1-transitional.dtd">
<html xmlns="http://www.w3.org/1999/xhtml" xml:lang="en" lang="en">
 <head>
  <title>
</title>
<meta http-equiv="Content-Type" content="text/html;charset=utf-8" />
  <meta name='ocr-system' content='tesseract 3.04.00' />
  <meta name='ocr-capabilities' content='ocr_page ocr_carea ocr_par ocr_line ocrx_word'/>
</head>
<body>
  <div class='ocr_page' id='page_1' title='image "./rmischedokument01ehsegoog_0151.png"; bbox 0 0 3842 5592; ppageno 0'>
   <div class='ocr_carea' id='block_1_1' title="bbox 249 334 1616 418">
    <p class='ocr_par' dir='ltr' id='par_1_1' title="bbox 249 334 1616 418">
     <span class='ocr_line' id='line_1_1' title="bbox 249 334 1616 418; baseline -0.001 -19"><span class='ocrx_word' id='word_1_1' title='bbox 249 360 315 417; x_wconf 85' lang='lat'>1529</span> <span class='ocrx_word' id='word_1_2' title='bbox 333 342 401 418; x_wconf 83' lang='lat' dir='ltr'>Jtuti.</span> <span class='ocrx_word' id='word_1_3' title='bbox 1576 334 1616 398; x_wconf 84' lang='grc'>99</span> 
     </span>
    </p>
   </div>
   <div class='ocr_carea' id='block_1_2' title="bbox 232 501 1622 4950">
    <p class='ocr_par' dir='ltr' id='par_1_2' title="bbox 232 501 1622 2485">
     <span class='ocr_line' id='line_1_2' title="bbox 246 501 1618 595; baseline 0.001 -22"><span class='ocrx_word' id='word_1_4' title='bbox 246 504 360 594; x_wconf 87' lang='lat' dir='ltr'>publici</span> <span class='ocrx_word' id='word_1_5' title='bbox 383 504 522 594; x_wconf 89' lang='lat' dir='ltr'>deputati</span> <span class='ocrx_word' id='word_1_6' title='bbox 544 528 562 572; x_wconf 90' lang='lat' dir='ltr'>a</span> <span class='ocrx_word' id='word_1_7' title='bbox 585 517 698 595; x_wconf 89' lang='lat' dir='ltr'>questo</span> <span class='ocrx_word' id='word_1_8' title='bbox 715 501 834 573; x_wconf 83' lang='lat' dir='ltr'>officio</span> <span class='ocrx_word' id='word_1_9' title='bbox 878 503 1126 594; x_wconf 87' lang='lat' dir='ltr'><strong>Quamprimum</strong></span> <span class='ocrx_word' id='word_1_10' title='bbox 1150 506 1195 571; x_wconf 88' lang='lat' dir='ltr'>mi</span> <span class='ocrx_word' id='word_1_11' title='bbox 1218 504 1366 574; x_wconf 82' lang='lat' dir='ltr'>accaderl</span> <span class='ocrx_word' id='word_1_12' title='bbox 1389 505 1421 574; x_wconf 94' lang='lat' dir='ltr'>di</span> <span class='ocrx_word' id='word_1_13' title='bbox 1443 510 1618 576; x_wconf 89' lang='lat' dir='ltr'>truovarmi</span> 
     </span>
     <span class='ocr_line' id='line_1_3' title="bbox 247 609 1617 704; baseline 0 -25"><span class='ocrx_word' id='word_1_14' title='bbox 247 635 308 679; x_wconf 91' lang='lat' dir='ltr'>con</span> <span class='ocrx_word' id='word_1_15' title='bbox 339 612 402 679; x_wconf 90' lang='lat' dir='ltr'>Sua</span> <span class='ocrx_word' id='word_1_16' title='bbox 430 612 566 694; x_wconf 79' lang='lat' dir='ltr'>Maesta,</span> <span class='ocrx_word' id='word_1_17' title='bbox 598 635 666 679; x_wconf 91' lang='lat' dir='ltr'>non</span> <span class='ocrx_word' id='word_1_18' title='bbox 696 613 845 679; x_wconf 88' lang='lat' dir='ltr'>mancarb</span> <span class='ocrx_word' id='word_1_19' title='bbox 878 609 909 678; x_wconf 91' lang='lat' dir='ltr'>di</span> <span class='ocrx_word' id='word_1_20' title='bbox 939 634 1048 679; x_wconf 92' lang='lat' dir='ltr'>nuovo</span> <span class='ocrx_word' id='word_1_21' title='bbox 1078 610 1142 679; x_wconf 86' lang='lat' dir='ltr'>fare</span> <span class='ocrx_word' id='word_1_22' title='bbox 1171 610 1281 679; x_wconf 91' lang='lat' dir='ltr'>buono</span> <span class='ocrx_word' id='word_1_23' title='bbox 1313 611 1432 696; x_wconf 87' lang='lat' dir='ltr'>officio,</span> <span class='ocrx_word' id='word_1_24' title='bbox 1463 633 1493 682; x_wconf 89' lang='lat' dir='ltr'>et</span> <span class='ocrx_word' id='word_1_25' title='bbox 1524 636 1617 704; x_wconf 92' lang='lat' dir='ltr'>spero</span> 
     </span>
     <span class='ocr_line' id='line_1_4' title="bbox 245 716 1619 809; baseline 0.004 -25"><span class='ocrx_word' id='word_1_26' title='bbox 245 730 430 786; x_wconf 88' lang='lat' dir='ltr'>restaranno</span> <span class='ocrx_word' id='word_1_27' title='bbox 453 718 515 786; x_wconf 89' lang='lat' dir='ltr'>ben</span> <span class='ocrx_word' id='word_1_28' title='bbox 538 717 690 786; x_wconf 83' lang='lat' dir='ltr'>satisfatti.</span> <span class='ocrx_word' id='word_1_29' title='bbox 736 718 781 785; x_wconf 87' lang='lat' dir='ltr'>Fu</span> <span class='ocrx_word' id='word_1_30' title='bbox 805 716 880 786; x_wconf 92' lang='lat' dir='ltr'>dato</span> <span class='ocrx_word' id='word_1_31' title='bbox 903 717 973 784; x_wconf 93' lang='lat' dir='ltr'>loro</span> <span class='ocrx_word' id='word_1_32' title='bbox 998 741 1059 785; x_wconf 90' lang='lat' dir='ltr'>una</span> <span class='ocrx_word' id='word_1_33' title='bbox 1077 717 1157 785; x_wconf 90' lang='lat' dir='ltr'>delle</span> <span class='ocrx_word' id='word_1_34' title='bbox 1180 720 1270 805; x_wconf 88' lang='lat' dir='ltr'>copie</span> <span class='ocrx_word' id='word_1_35' title='bbox 1295 718 1374 787; x_wconf 91' lang='lat' dir='ltr'>della</span> <span class='ocrx_word' id='word_1_36' title='bbox 1390 720 1619 809; x_wconf 83' lang='lat' dir='ltr'>supplicatione</span> 
     </span>
     <span class='ocr_line' id='line_1_5' title="bbox 232 810 1619 912; baseline 0.004 -22"><span class='ocrx_word' id='word_1_37' title='bbox 232 810 393 911; x_wconf 50' lang='lat' dir='ltr'>&#39;produtta</span> <span class='ocrx_word' id='word_1_38' title='bbox 417 826 448 891; x_wconf 91' lang='lat' dir='ltr'>in</span> <span class='ocrx_word' id='word_1_39' title='bbox 473 826 632 912; x_wconf 83' lang='lat' dir='ltr'>signatura</span> <span class='ocrx_word' id='word_1_40' title='bbox 648 836 679 891; x_wconf 92' lang='lat' dir='ltr'>et</span> <span class='ocrx_word' id='word_1_41' title='bbox 695 823 746 891; x_wconf 91' lang='lat' dir='ltr'>del</span> <span class='ocrx_word' id='word_1_42' title='bbox 768 834 923 911; x_wconf 90' lang='lat' dir='ltr'>protesto,</span> <span class='ocrx_word' id='word_1_43' title='bbox 948 834 979 890; x_wconf 92' lang='lat' dir='ltr'>et</span> <span class='ocrx_word' id='word_1_44' title='bbox 997 822 1075 891; x_wconf 85' lang='lat' dir='ltr'>fatto</span> <span class='ocrx_word' id='word_1_45' title='bbox 1099 822 1169 890; x_wconf 96' lang='lat' dir='ltr'>loro</span> <span class='ocrx_word' id='word_1_46' title='bbox 1186 846 1371 907; x_wconf 87' lang='lat' dir='ltr'>conoscere,</span> <span class='ocrx_word' id='word_1_47' title='bbox 1397 826 1455 893; x_wconf 90' lang='lat' dir='ltr'>che</span> <span class='ocrx_word' id='word_1_48' title='bbox 1471 826 1619 895; x_wconf 86' lang='lat' dir='ltr'>havendo</span> 
     </span>
     <span class='ocr_line' id='line_1_6' title="bbox 246 928 1619 1019; baseline 0.004 -23"><span class='ocrx_word' id='word_1_49' title='bbox 246 930 266 996; x_wconf 93' lang='lat' dir='ltr'>li</span> <span class='ocrx_word' id='word_1_50' title='bbox 289 931 446 1019; x_wconf 88' lang='lat' dir='ltr'>Imperiali</span> <span class='ocrx_word' id='word_1_51' title='bbox 470 932 574 999; x_wconf 88' lang='lat' dir='ltr'>avanti</span> <span class='ocrx_word' id='word_1_52' title='bbox 596 931 625 997; x_wconf 88' lang='lat' dir='ltr'>la</span> <span class='ocrx_word' id='word_1_53' title='bbox 647 948 764 998; x_wconf 87' lang='lat' dir='ltr'>venuta</span> <span class='ocrx_word' id='word_1_54' title='bbox 788 928 819 996; x_wconf 88' lang='lat' dir='ltr'>di</span> <span class='ocrx_word' id='word_1_55' title='bbox 842 953 885 996; x_wconf 91' lang='lat' dir='ltr'>m.</span> <span class='ocrx_word' id='word_1_56' title='bbox 910 929 1085 997; x_wconf 90' lang='lat' dir='ltr'>Francesco</span> <span class='ocrx_word' id='word_1_57' title='bbox 1110 929 1185 997; x_wconf 86' lang='lat' dir='ltr'>latta</span> <span class='ocrx_word' id='word_1_58' title='bbox 1206 930 1353 998; x_wconf 87' lang='lat' dir='ltr'>instantia</span> <span class='ocrx_word' id='word_1_59' title='bbox 1377 954 1470 1019; x_wconf 88' lang='lat' dir='ltr'>sopra</span> <span class='ocrx_word' id='word_1_60' title='bbox 1495 932 1521 999; x_wconf 87' lang='lat' dir='ltr'>la</span> <span class='ocrx_word' id='word_1_61' title='bbox 1545 957 1619 1001; x_wconf 90' lang='lat' dir='ltr'>avo-</span> 
     </span>
     <span class='ocr_line' id='line_1_7' title="bbox 247 1034 1619 1125; baseline 0.002 -21"><span class='ocrx_word' id='word_1_62' title='bbox 247 1038 372 1104; x_wconf 80' lang='lat' dir='ltr'>catione</span> <span class='ocrx_word' id='word_1_63' title='bbox 396 1036 436 1103; x_wconf 90' lang='lat' dir='ltr'>de</span> <span class='ocrx_word' id='word_1_64' title='bbox 459 1036 487 1104; x_wconf 92' lang='lat' dir='ltr'>la</span> <span class='ocrx_word' id='word_1_65' title='bbox 503 1060 595 1105; x_wconf 88' lang='lat' dir='ltr'>causa</span> <span class='ocrx_word' id='word_1_66' title='bbox 618 1038 671 1125; x_wconf 82' lang='lat' dir='ltr'>pib</span> <span class='ocrx_word' id='word_1_67' title='bbox 687 1035 784 1119; x_wconf 87' lang='lat' dir='ltr'>volte,</span> <span class='ocrx_word' id='word_1_68' title='bbox 808 1047 840 1103; x_wconf 92' lang='lat' dir='ltr'>et</span> <span class='ocrx_word' id='word_1_69' title='bbox 856 1036 934 1103; x_wconf 90' lang='lat' dir='ltr'>hora</span> <span class='ocrx_word' id='word_1_70' title='bbox 957 1034 1092 1103; x_wconf 85' lang='lat' dir='ltr'>lacendo</span> <span class='ocrx_word' id='word_1_71' title='bbox 1116 1034 1136 1101; x_wconf 93' lang='lat' dir='ltr'>il</span> <span class='ocrx_word' id='word_1_72' title='bbox 1160 1035 1262 1103; x_wconf 91' lang='lat' dir='ltr'>simile</span> <span class='ocrx_word' id='word_1_73' title='bbox 1279 1059 1341 1104; x_wconf 91' lang='lat' dir='ltr'>con</span> <span class='ocrx_word' id='word_1_74' title='bbox 1358 1040 1501 1125; x_wconf 90' lang='lat' dir='ltr'>protesti,</span> <span class='ocrx_word' id='word_1_75' title='bbox 1525 1062 1619 1107; x_wconf 88' lang='lat' dir='ltr'>come</span> 
     </span>
     <span class='ocr_line' id='line_1_8' title="bbox 245 1140 1621 1225; baseline 0.003 -15"><span class='ocrx_word' id='word_1_76' title='bbox 245 1142 426 1224; x_wconf 88' lang='lat' dir='ltr'>vedevano,</span> <span class='ocrx_word' id='word_1_77' title='bbox 458 1167 509 1211; x_wconf 90' lang='lat' dir='ltr'>era</span> <span class='ocrx_word' id='word_1_78' title='bbox 533 1144 627 1225; x_wconf 91' lang='lat' dir='ltr'>assai,</span> <span class='ocrx_word' id='word_1_79' title='bbox 659 1143 718 1209; x_wconf 89' lang='lat' dir='ltr'>che</span> <span class='ocrx_word' id='word_1_80' title='bbox 741 1141 803 1209; x_wconf 87' lang='lat' dir='ltr'>Sua</span> <span class='ocrx_word' id='word_1_81' title='bbox 825 1140 1024 1210; x_wconf 89' lang='lat' dir='ltr'>Beatitudine</span> <span class='ocrx_word' id='word_1_82' title='bbox 1055 1140 1122 1208; x_wconf 87' lang='lat' dir='ltr'>fino</span> <span class='ocrx_word' id='word_1_83' title='bbox 1155 1140 1273 1210; x_wconf 90' lang='lat' dir='ltr'>adbora</span> <span class='ocrx_word' id='word_1_84' title='bbox 1298 1166 1363 1210; x_wconf 92' lang='lat' dir='ltr'>non</span> <span class='ocrx_word' id='word_1_85' title='bbox 1394 1144 1523 1214; x_wconf 90' lang='lat' dir='ltr'>havesse</span> <span class='ocrx_word' id='word_1_86' title='bbox 1546 1146 1621 1214; x_wconf 82' lang='lat' dir='ltr'>satra</span> 
     </span>
     <span class='ocr_line' id='line_1_9' title="bbox 247 1246 1621 1337; baseline 0.004 -22"><span class='ocrx_word' id='word_1_87' title='bbox 247 1268 356 1337; x_wconf 90' lang='lat' dir='ltr'>questa</span> <span class='ocrx_word' id='word_1_88' title='bbox 385 1249 587 1330; x_wconf 78' lang='lat' dir='ltr'>avocatione,</span> <span class='ocrx_word' id='word_1_89' title='bbox 616 1271 710 1316; x_wconf 88' lang='lat' dir='ltr'>come</span> <span class='ocrx_word' id='word_1_90' title='bbox 734 1248 852 1315; x_wconf 90' lang='lat' dir='ltr'>Vostra</span> <span class='ocrx_word' id='word_1_91' title='bbox 875 1248 1022 1336; x_wconf 88' lang='lat' dir='ltr'>Signoria</span> <span class='ocrx_word' id='word_1_92' title='bbox 1049 1246 1314 1336; x_wconf 90' lang='lat' dir='ltr'>prudentemente</span> <span class='ocrx_word' id='word_1_93' title='bbox 1345 1251 1454 1319; x_wconf 88' lang='lat' dir='ltr'>scrive.</span> <span class='ocrx_word' id='word_1_94' title='bbox 1502 1252 1548 1319; x_wconf 90' lang='lat' dir='ltr'>Mi</span> <span class='ocrx_word' id='word_1_95' title='bbox 1576 1251 1621 1320; x_wconf 91' lang='lat' dir='ltr'>di·</span> 
     </span>
     <span class='ocr_line' id='line_1_10' title="bbox 246 1352 1621 1443; baseline 0.004 -23"><span class='ocrx_word' id='word_1_96' title='bbox 246 1354 362 1421; x_wconf 88' lang='lat' dir='ltr'>manda</span> <span class='ocrx_word' id='word_1_97' title='bbox 392 1377 451 1443; x_wconf 89' lang='lat' dir='ltr'>pur</span> <span class='ocrx_word' id='word_1_98' title='bbox 478 1377 589 1443; x_wconf 89' lang='lat' dir='ltr'>spesso</span> <span class='ocrx_word' id='word_1_99' title='bbox 613 1354 635 1420; x_wconf 93' lang='lat' dir='ltr'>il</span> <span class='ocrx_word' id='word_1_100' title='bbox 658 1352 814 1421; x_wconf 87' lang='lat' dir='ltr'>cardinale</span> <span class='ocrx_word' id='word_1_101' title='bbox 844 1353 949 1443; x_wconf 89' lang='lat' dir='ltr'>quello</span> <span class='ocrx_word' id='word_1_102' title='bbox 981 1354 1065 1421; x_wconf 91' lang='lat' dir='ltr'>ch&#39;io</span> <span class='ocrx_word' id='word_1_103' title='bbox 1089 1353 1181 1422; x_wconf 90' lang='lat' dir='ltr'>creda</span> <span class='ocrx_word' id='word_1_104' title='bbox 1209 1353 1241 1421; x_wconf 93' lang='lat' dir='ltr'>di</span> <span class='ocrx_word' id='word_1_105' title='bbox 1267 1354 1328 1421; x_wconf 84' lang='lat' dir='ltr'>tale</span> <span class='ocrx_word' id='word_1_106' title='bbox 1356 1359 1558 1441; x_wconf 86' lang='lat' dir='ltr'>avocatione,</span> <span class='ocrx_word' id='word_1_107' title='bbox 1590 1378 1621 1426; x_wconf 91' lang='lat' dir='ltr'>et</span> 
     </span>
     <span class='ocr_line' id='line_1_11' title="bbox 247 1458 1620 1549; baseline 0.003 -21"><span class='ocrx_word' id='word_1_108' title='bbox 247 1472 367 1528; x_wconf 89' lang='lat' dir='ltr'>mostra</span> <span class='ocrx_word' id='word_1_109' title='bbox 393 1463 513 1549; x_wconf 89' lang='lat' dir='ltr'>potersi</span> <span class='ocrx_word' id='word_1_110' title='bbox 541 1483 598 1549; x_wconf 92' lang='lat' dir='ltr'>per</span> <span class='ocrx_word' id='word_1_111' title='bbox 628 1484 744 1528; x_wconf 89' lang='lat' dir='ltr'>nessun</span> <span class='ocrx_word' id='word_1_112' title='bbox 776 1458 877 1527; x_wconf 92' lang='lat' dir='ltr'>modo</span> <span class='ocrx_word' id='word_1_113' title='bbox 906 1459 1110 1549; x_wconf 89' lang='lat' dir='ltr'>persuadere,</span> <span class='ocrx_word' id='word_1_114' title='bbox 1141 1459 1198 1528; x_wconf 92' lang='lat' dir='ltr'>che</span> <span class='ocrx_word' id='word_1_115' title='bbox 1226 1462 1287 1528; x_wconf 86' lang='lat' dir='ltr'>Sua</span> <span class='ocrx_word' id='word_1_116' title='bbox 1312 1461 1431 1531; x_wconf 78' lang='lat' dir='ltr'>Santita</span> <span class='ocrx_word' id='word_1_117' title='bbox 1460 1463 1488 1530; x_wconf 90' lang='lat' dir='ltr'>la</span> <span class='ocrx_word' id='word_1_118' title='bbox 1515 1463 1620 1533; x_wconf 85' lang='lat' dir='ltr'>faccia.</span> 
     </span>
     <span class='ocr_line' id='line_1_12' title="bbox 246 1564 1621 1657; baseline 0.004 -24"><span class='ocrx_word' id='word_1_119' title='bbox 246 1567 282 1633; x_wconf 95' lang='lat' dir='ltr'>lo</span> <span class='ocrx_word' id='word_1_120' title='bbox 306 1566 327 1634; x_wconf 89' lang='lat' dir='ltr'>li</span> <span class='ocrx_word' id='word_1_121' title='bbox 349 1564 514 1655; x_wconf 92' lang='lat' dir='ltr'>rispondo,</span> <span class='ocrx_word' id='word_1_122' title='bbox 538 1566 622 1634; x_wconf 90' lang='lat' dir='ltr'>ch&#39;io</span> <span class='ocrx_word' id='word_1_123' title='bbox 645 1567 763 1656; x_wconf 90' lang='lat' dir='ltr'>veggio</span> <span class='ocrx_word' id='word_1_124' title='bbox 786 1565 815 1633; x_wconf 92' lang='lat' dir='ltr'>le</span> <span class='ocrx_word' id='word_1_125' title='bbox 838 1567 971 1655; x_wconf 89' lang='lat' dir='ltr'>ragioni,</span> <span class='ocrx_word' id='word_1_126' title='bbox 995 1568 1021 1633; x_wconf 92' lang='lat' dir='ltr'>si</span> <span class='ocrx_word' id='word_1_127' title='bbox 1044 1565 1199 1654; x_wconf 89' lang='lat' dir='ltr'>allegan0,</span> <span class='ocrx_word' id='word_1_128' title='bbox 1223 1567 1327 1635; x_wconf 90' lang='lat' dir='ltr'>molto</span> <span class='ocrx_word' id='word_1_129' title='bbox 1350 1568 1519 1657; x_wconf 88' lang='lat' dir='ltr'>gagliarde,</span> <span class='ocrx_word' id='word_1_130' title='bbox 1544 1583 1576 1639; x_wconf 92' lang='lat' dir='ltr'>et</span> <span class='ocrx_word' id='word_1_131' title='bbox 1593 1571 1621 1639; x_wconf 91' lang='lat' dir='ltr'>la</span> 
     </span>
     <span class='ocr_line' id='line_1_13' title="bbox 248 1671 1621 1763; baseline 0.004 -23"><span class='ocrx_word' id='word_1_132' title='bbox 248 1674 403 1755; x_wconf 89' lang='lat' dir='ltr'>instantia,</span> <span class='ocrx_word' id='word_1_133' title='bbox 428 1673 486 1741; x_wconf 88' lang='lat' dir='ltr'>che</span> <span class='ocrx_word' id='word_1_134' title='bbox 510 1696 544 1740; x_wconf 92' lang='lat' dir='ltr'>se</span> <span class='ocrx_word' id='word_1_135' title='bbox 568 1671 671 1755; x_wconf 89' lang='lat' dir='ltr'>nefa,</span> <span class='ocrx_word' id='word_1_136' title='bbox 695 1696 799 1740; x_wconf 87' lang='lat' dir='ltr'>essere</span> <span class='ocrx_word' id='word_1_137' title='bbox 823 1671 954 1756; x_wconf 85' lang='lat' dir='ltr'>infinita,</span> <span class='ocrx_word' id='word_1_138' title='bbox 978 1675 1003 1740; x_wconf 89' lang='lat' dir='ltr'>sl</span> <span class='ocrx_word' id='word_1_139' title='bbox 1020 1673 1078 1740; x_wconf 90' lang='lat' dir='ltr'>che</span> <span class='ocrx_word' id='word_1_140' title='bbox 1103 1696 1169 1740; x_wconf 95' lang='lat' dir='ltr'>non</span> <span class='ocrx_word' id='word_1_141' title='bbox 1193 1696 1230 1740; x_wconf 89' lang='lat' dir='ltr'>so</span> <span class='ocrx_word' id='word_1_142' title='bbox 1254 1673 1360 1763; x_wconf 90' lang='lat' dir='ltr'>quello</span> <span class='ocrx_word' id='word_1_143' title='bbox 1384 1698 1425 1743; x_wconf 92' lang='lat' dir='ltr'>ne</span> <span class='ocrx_word' id='word_1_144' title='bbox 1449 1675 1558 1744; x_wconf 86' lang='lat' dir='ltr'>habbia</span> <span class='ocrx_word' id='word_1_145' title='bbox 1582 1676 1621 1745; x_wconf 92' lang='lat' dir='ltr'>da</span> 
     </span>
     <span class='ocr_line' id='line_1_14' title="bbox 247 1778 1621 1872; baseline 0.006 -27"><span class='ocrx_word' id='word_1_146' title='bbox 247 1779 386 1867; x_wconf 89' lang='lat' dir='ltr'>seguire;</span> <span class='ocrx_word' id='word_1_147' title='bbox 410 1781 476 1846; x_wconf 90' lang='lat' dir='ltr'>cosl</span> <span class='ocrx_word' id='word_1_148' title='bbox 492 1778 513 1845; x_wconf 92' lang='lat' dir='ltr'>li</span> <span class='ocrx_word' id='word_1_149' title='bbox 528 1778 624 1846; x_wconf 87' lang='lat' dir='ltr'>lascio</span> <span class='ocrx_word' id='word_1_150' title='bbox 648 1779 730 1847; x_wconf 89' lang='lat' dir='ltr'>inter</span> <span class='ocrx_word' id='word_1_151' title='bbox 745 1802 835 1868; x_wconf 91' lang='lat' dir='ltr'>spem</span> <span class='ocrx_word' id='word_1_152' title='bbox 852 1791 884 1847; x_wconf 93' lang='lat' dir='ltr'>et</span> <span class='ocrx_word' id='word_1_153' title='bbox 899 1790 1032 1847; x_wconf 91' lang='lat' dir='ltr'>metum.</span> <span class='ocrx_word' id='word_1_154' title='bbox 1067 1778 1092 1846; x_wconf 95' lang='lat' dir='ltr'>ll</span> <span class='ocrx_word' id='word_1_155' title='bbox 1108 1778 1263 1847; x_wconf 90' lang='lat' dir='ltr'>cardinale</span> <span class='ocrx_word' id='word_1_156' title='bbox 1280 1783 1324 1847; x_wconf 88' lang='lat' dir='ltr'>mi</span> <span class='ocrx_word' id='word_1_157' title='bbox 1341 1781 1420 1865; x_wconf 92' lang='lat' dir='ltr'>dice,</span> <span class='ocrx_word' id='word_1_158' title='bbox 1444 1806 1511 1851; x_wconf 91' lang='lat' dir='ltr'>non</span> <span class='ocrx_word' id='word_1_159' title='bbox 1527 1804 1621 1872; x_wconf 90' lang='lat' dir='ltr'>poter</span> 
     </span>
     <span class='ocr_line' id='line_1_15' title="bbox 248 1884 1621 1979; baseline 0.005 -27"><span class='ocrx_word' id='word_1_160' title='bbox 248 1884 386 1968; x_wconf 89' lang='lat' dir='ltr'>credere,</span> <span class='ocrx_word' id='word_1_161' title='bbox 410 1886 468 1953; x_wconf 90' lang='lat' dir='ltr'>che</span> <span class='ocrx_word' id='word_1_162' title='bbox 491 1885 533 1952; x_wconf 90' lang='lat' dir='ltr'>N.</span> <span class='ocrx_word' id='word_1_163' title='bbox 550 1885 687 1973; x_wconf 84' lang='lat' dir='ltr'>Signore</span> <span class='ocrx_word' id='word_1_164' title='bbox 710 1884 846 1953; x_wconf 89' lang='lat' dir='ltr'>rimandi</span> <span class='ocrx_word' id='word_1_165' title='bbox 868 1884 890 1952; x_wconf 93' lang='lat' dir='ltr'>il</span> <span class='ocrx_word' id='word_1_166' title='bbox 905 1885 962 1953; x_wconf 91' lang='lat' dir='ltr'>Dr.</span> <span class='ocrx_word' id='word_1_167' title='bbox 979 1886 1141 1974; x_wconf 85' lang='lat' dir='ltr'>Stephano</span> <span class='ocrx_word' id='word_1_168' title='bbox 1164 1888 1270 1954; x_wconf 90' lang='lat' dir='ltr'>vacuis</span> <span class='ocrx_word' id='word_1_169' title='bbox 1293 1887 1448 1972; x_wconf 89' lang='lat' dir='ltr'>manibus,</span> <span class='ocrx_word' id='word_1_170' title='bbox 1473 1902 1505 1958; x_wconf 91' lang='lat' dir='ltr'>et</span> <span class='ocrx_word' id='word_1_171' title='bbox 1528 1914 1621 1979; x_wconf 87' lang='lat' dir='ltr'>sopra</span> 
     </span>
     <span class='ocr_line' id='line_1_16' title="bbox 247 1990 1622 2084; baseline 0.004 -26"><span class='ocrx_word' id='word_1_172' title='bbox 247 1993 349 2080; x_wconf 90' lang='lat' dir='ltr'>questi</span> <span class='ocrx_word' id='word_1_173' title='bbox 372 1993 605 2079; x_wconf 88' lang='lat' dir='ltr'>ragionamenti</span> <span class='ocrx_word' id='word_1_174' title='bbox 627 1991 656 2058; x_wconf 86' lang='grc'>13</span> <span class='ocrx_word' id='word_1_175' title='bbox 672 2011 797 2080; x_wconf 90' lang='lat' dir='ltr'>portare</span> <span class='ocrx_word' id='word_1_176' title='bbox 821 1991 849 2058; x_wconf 92' lang='lat' dir='ltr'>la</span> <span class='ocrx_word' id='word_1_177' title='bbox 871 1992 981 2060; x_wconf 88' lang='lat' dir='ltr'>lettera</span> <span class='ocrx_word' id='word_1_178' title='bbox 1004 1990 1035 2059; x_wconf 91' lang='lat' dir='ltr'>di</span> <span class='ocrx_word' id='word_1_179' title='bbox 1052 1992 1093 2059; x_wconf 91' lang='lat' dir='ltr'>N.</span> <span class='ocrx_word' id='word_1_180' title='bbox 1110 1993 1257 2080; x_wconf 88' lang='lat' dir='ltr'>Signore,</span> <span class='ocrx_word' id='word_1_181' title='bbox 1282 2005 1314 2061; x_wconf 92' lang='lat' dir='ltr'>et</span> <span class='ocrx_word' id='word_1_182' title='bbox 1332 2017 1426 2062; x_wconf 92' lang='lat' dir='ltr'>come</span> <span class='ocrx_word' id='word_1_183' title='bbox 1450 2019 1506 2084; x_wconf 92' lang='lat' dir='ltr'>per</span> <span class='ocrx_word' id='word_1_184' title='bbox 1525 1995 1622 2065; x_wconf 86' lang='lat' dir='ltr'>l’altra</span> 
     </span>
     <span class='ocr_line' id='line_1_17' title="bbox 248 2097 1620 2187; baseline 0.004 -22"><span class='ocrx_word' id='word_1_185' title='bbox 248 2097 332 2178; x_wconf 92' lang='lat' dir='ltr'>dissi,</span> <span class='ocrx_word' id='word_1_186' title='bbox 356 2097 498 2186; x_wconf 92' lang='lat' dir='ltr'>pondera</span> <span class='ocrx_word' id='word_1_187' title='bbox 513 2100 591 2187; x_wconf 90' lang='lat' dir='ltr'>ogni</span> <span class='ocrx_word' id='word_1_188' title='bbox 614 2099 731 2186; x_wconf 90' lang='lat' dir='ltr'>parola,</span> <span class='ocrx_word' id='word_1_189' title='bbox 755 2100 814 2166; x_wconf 88' lang='lat' dir='ltr'>che</span> <span class='ocrx_word' id='word_1_190' title='bbox 837 2120 910 2185; x_wconf 92' lang='lat' dir='ltr'>pare</span> <span class='ocrx_word' id='word_1_191' title='bbox 927 2097 991 2166; x_wconf 85' lang='lat' dir='ltr'>fare</span> <span class='ocrx_word' id='word_1_192' title='bbox 1015 2097 1043 2164; x_wconf 91' lang='lat' dir='ltr'>al</span> <span class='ocrx_word' id='word_1_193' title='bbox 1066 2098 1137 2166; x_wconf 95' lang='lat' dir='ltr'>loro</span> <span class='ocrx_word' id='word_1_194' title='bbox 1160 2101 1338 2187; x_wconf 87' lang='lat' dir='ltr'>proposito,</span> <span class='ocrx_word' id='word_1_195' title='bbox 1363 2113 1394 2169; x_wconf 89' lang='lat' dir='ltr'>et</span> <span class='ocrx_word' id='word_1_196' title='bbox 1410 2125 1472 2169; x_wconf 92' lang='lat' dir='ltr'>con</span> <span class='ocrx_word' id='word_1_197' title='bbox 1489 2126 1620 2171; x_wconf 93' lang='lat' dir='ltr'>sommo</span> 
     </span>
     <span class='ocr_line' id='line_1_18' title="bbox 233 2202 1621 2297; baseline 0.003 -27"><span class='ocrx_word' id='word_1_198' title='bbox 233 2202 405 2297; x_wconf 36' lang='lat' dir='ltr'>,desiderio</span> <span class='ocrx_word' id='word_1_199' title='bbox 429 2217 593 2293; x_wconf 86' lang='lat' dir='ltr'>aspettano</span> <span class='ocrx_word' id='word_1_200' title='bbox 617 2205 639 2272; x_wconf 91' lang='lat' dir='ltr'>il</span> <span class='ocrx_word' id='word_1_201' title='bbox 660 2203 782 2293; x_wconf 83' lang='lat' dir='ltr'>prelato</span> <span class='ocrx_word' id='word_1_202' title='bbox 807 2205 862 2271; x_wconf 89' lang='lat' dir='ltr'>Dr.</span> <span class='ocrx_word' id='word_1_203' title='bbox 887 2204 1066 2293; x_wconf 86' lang='lat' dir='ltr'>Stephano,</span> <span class='ocrx_word' id='word_1_204' title='bbox 1090 2207 1115 2271; x_wconf 91' lang='lat' dir='ltr'>sl</span> <span class='ocrx_word' id='word_1_205' title='bbox 1139 2227 1195 2293; x_wconf 92' lang='lat' dir='ltr'>per</span> <span class='ocrx_word' id='word_1_206' title='bbox 1217 2204 1398 2285; x_wconf 86' lang='lat' dir='ltr'>intendere,</span> <span class='ocrx_word' id='word_1_207' title='bbox 1422 2220 1542 2295; x_wconf 90' lang='lat' dir='ltr'>quanto</span> <span class='ocrx_word' id='word_1_208' title='bbox 1565 2232 1621 2297; x_wconf 92' lang='lat' dir='ltr'>per</span> 
     </span>
     <span class='ocr_line' id='line_1_19' title="bbox 247 2309 1621 2403; baseline 0.004 -26"><span class='ocrx_word' id='word_1_209' title='bbox 247 2309 344 2378; x_wconf 89' lang='lat' dir='ltr'>l&#39;altra</span> <span class='ocrx_word' id='word_1_210' title='bbox 374 2313 494 2394; x_wconf 89' lang='lat' dir='ltr'>scrissi,</span> <span class='ocrx_word' id='word_1_211' title='bbox 525 2324 556 2379; x_wconf 92' lang='lat' dir='ltr'>et</span> <span class='ocrx_word' id='word_1_212' title='bbox 586 2314 612 2377; x_wconf 90' lang='lat' dir='ltr'>sl</span> <span class='ocrx_word' id='word_1_213' title='bbox 640 2334 757 2379; x_wconf 89' lang='lat' dir='ltr'>ancora</span> <span class='ocrx_word' id='word_1_214' title='bbox 787 2334 843 2400; x_wconf 91' lang='lat' dir='ltr'>per</span> <span class='ocrx_word' id='word_1_215' title='bbox 874 2310 1007 2393; x_wconf 85' lang='lat' dir='ltr'>vedere,</span> <span class='ocrx_word' id='word_1_216' title='bbox 1038 2334 1072 2378; x_wconf 90' lang='lat' dir='ltr'>se</span> <span class='ocrx_word' id='word_1_217' title='bbox 1104 2309 1143 2377; x_wconf 89' lang='lat' dir='ltr'>da</span> <span class='ocrx_word' id='word_1_218' title='bbox 1169 2310 1231 2378; x_wconf 86' lang='lat' dir='ltr'>Sua</span> <span class='ocrx_word' id='word_1_219' title='bbox 1261 2312 1380 2380; x_wconf 77' lang='lat' dir='ltr'>Santitt</span> <span class='ocrx_word' id='word_1_220' title='bbox 1411 2314 1485 2380; x_wconf 77' lang='lat' dir='ltr'>bara</span> <span class='ocrx_word' id='word_1_221' title='bbox 1514 2337 1621 2403; x_wconf 91' lang='lat' dir='ltr'>repor-</span> 
     </span>
     <span class='ocr_line' id='line_1_20' title="bbox 246 2417 426 2485; baseline 0 -1"><span class='ocrx_word' id='word_1_222' title='bbox 246 2428 313 2485; x_wconf 88' lang='lat' dir='ltr'>tato</span> <span class='ocrx_word' id='word_1_223' title='bbox 336 2417 426 2485; x_wconf 88' lang='lat' dir='ltr'>altro.</span> 
     </span>
    </p>

    <p class='ocr_par' dir='ltr' id='par_1_3' title="bbox 247 2522 1620 3674">
     <span class='ocr_line' id='line_1_21' title="bbox 352 2522 1620 2612; baseline 0.003 -22"><span class='ocrx_word' id='word_1_224' title='bbox 352 2524 385 2590; x_wconf 82' lang='lat' dir='ltr'>si</span> <span class='ocrx_word' id='word_1_225' title='bbox 409 2546 492 2590; x_wconf 91' lang='lat' dir='ltr'>sono</span> <span class='ocrx_word' id='word_1_226' title='bbox 516 2523 654 2604; x_wconf 88' lang='lat' dir='ltr'>risoluti,</span> <span class='ocrx_word' id='word_1_227' title='bbox 684 2523 742 2591; x_wconf 89' lang='lat' dir='ltr'>che</span> <span class='ocrx_word' id='word_1_228' title='bbox 767 2525 903 2591; x_wconf 89' lang='lat' dir='ltr'>omnino</span> <span class='ocrx_word' id='word_1_229' title='bbox 931 2526 958 2590; x_wconf 89' lang='lat' dir='ltr'>si</span> <span class='ocrx_word' id='word_1_230' title='bbox 980 2522 1119 2612; x_wconf 90' lang='lat' dir='ltr'>proceda</span> <span class='ocrx_word' id='word_1_231' title='bbox 1148 2525 1180 2589; x_wconf 92' lang='lat' dir='ltr'>in</span> <span class='ocrx_word' id='word_1_232' title='bbox 1204 2547 1311 2606; x_wconf 89' lang='lat' dir='ltr'>causa,</span> <span class='ocrx_word' id='word_1_233' title='bbox 1342 2537 1372 2593; x_wconf 91' lang='lat' dir='ltr'>et</span> <span class='ocrx_word' id='word_1_234' title='bbox 1396 2528 1462 2593; x_wconf 88' lang='lat' dir='ltr'>cosl</span> <span class='ocrx_word' id='word_1_235' title='bbox 1485 2525 1620 2594; x_wconf 89' lang='lat' dir='ltr'>l’ultimo</span> 
     </span>
     <span class='ocr_line' id='line_1_22' title="bbox 247 2627 1618 2719; baseline 0.004 -24"><span class='ocrx_word' id='word_1_236' title='bbox 247 2629 277 2695; x_wconf 95' lang='lat' dir='ltr'>dl</span> <span class='ocrx_word' id='word_1_237' title='bbox 301 2629 351 2698; x_wconf 91' lang='lat' dir='ltr'>del</span> <span class='ocrx_word' id='word_1_238' title='bbox 373 2642 499 2718; x_wconf 90' lang='lat' dir='ltr'>passato</span> <span class='ocrx_word' id='word_1_239' title='bbox 522 2628 681 2697; x_wconf 88' lang='lat' dir='ltr'>facemmo</span> <span class='ocrx_word' id='word_1_240' title='bbox 704 2629 725 2697; x_wconf 91' lang='lat' dir='ltr'>il</span> <span class='ocrx_word' id='word_1_241' title='bbox 748 2631 852 2717; x_wconf 92' lang='lat' dir='ltr'>primo</span> <span class='ocrx_word' id='word_1_242' title='bbox 876 2642 960 2711; x_wconf 91' lang='lat' dir='ltr'>att0,</span> <span class='ocrx_word' id='word_1_243' title='bbox 991 2630 1049 2697; x_wconf 88' lang='lat' dir='ltr'>che</span> <span class='ocrx_word' id='word_1_244' title='bbox 1072 2627 1104 2696; x_wconf 83' lang='lat' dir='ltr'>fu</span> <span class='ocrx_word' id='word_1_245' title='bbox 1129 2628 1160 2696; x_wconf 91' lang='lat' dir='ltr'>di</span> <span class='ocrx_word' id='word_1_246' title='bbox 1183 2629 1257 2697; x_wconf 87' lang='lat' dir='ltr'>larci</span> <span class='ocrx_word' id='word_1_247' title='bbox 1280 2643 1461 2719; x_wconf 89' lang='lat' dir='ltr'>presentare</span> <span class='ocrx_word' id='word_1_248' title='bbox 1484 2632 1512 2698; x_wconf 91' lang='lat' dir='ltr'>la</span> <span class='ocrx_word' id='word_1_249' title='bbox 1535 2632 1618 2700; x_wconf 95' lang='lat' dir='ltr'>bolla</span> 
     </span>
     <span class='ocr_line' id='line_1_23' title="bbox 248 2735 1617 2824; baseline 0.004 -23"><span class='ocrx_word' id='word_1_250' title='bbox 248 2735 286 2801; x_wconf 89' lang='lat' dir='ltr'>de</span> <span class='ocrx_word' id='word_1_251' title='bbox 302 2735 330 2802; x_wconf 95' lang='grc'>13</span> <span class='ocrx_word' id='word_1_252' title='bbox 347 2736 596 2819; x_wconf 80' lang='lat' dir='ltr'>commissione,</span> <span class='ocrx_word' id='word_1_253' title='bbox 610 2748 771 2824; x_wconf 87' lang='lat' dir='ltr'>acceptare</span> <span class='ocrx_word' id='word_1_254' title='bbox 788 2759 870 2804; x_wconf 90' lang='lat' dir='ltr'>onus</span> <span class='ocrx_word' id='word_1_255' title='bbox 894 2738 927 2803; x_wconf 94' lang='lat' dir='ltr'>in</span> <span class='ocrx_word' id='word_1_256' title='bbox 943 2759 1004 2803; x_wconf 92' lang='lat' dir='ltr'>nos</span> <span class='ocrx_word' id='word_1_257' title='bbox 1020 2735 1062 2802; x_wconf 94' lang='lat' dir='ltr'>ob</span> <span class='ocrx_word' id='word_1_258' title='bbox 1086 2738 1294 2803; x_wconf 89' lang='lat' dir='ltr'>reverentiam</span> <span class='ocrx_word' id='word_1_259' title='bbox 1311 2738 1462 2804; x_wconf 89' lang='lat' dir='ltr'>Sanctmi.</span> <span class='ocrx_word' id='word_1_260' title='bbox 1476 2739 1551 2805; x_wconf 91' lang='lat' dir='ltr'>Dni.</span> <span class='ocrx_word' id='word_1_261' title='bbox 1563 2740 1617 2821; x_wconf 82' lang='lat' dir='ltr'>N,</span> 
     </span>
     <span class='ocr_line' id='line_1_24' title="bbox 247 2840 1618 2933; baseline 0.004 -25"><span class='ocrx_word' id='word_1_262' title='bbox 247 2840 396 2929; x_wconf 91' lang='lat' dir='ltr'>deputare</span> <span class='ocrx_word' id='word_1_263' title='bbox 412 2844 537 2924; x_wconf 91' lang='lat' dir='ltr'>notarii,</span> <span class='ocrx_word' id='word_1_264' title='bbox 561 2844 667 2909; x_wconf 90' lang='lat' dir='ltr'>nuncii</span> <span class='ocrx_word' id='word_1_265' title='bbox 684 2840 723 2909; x_wconf 93' lang='lat' dir='ltr'>ad</span> <span class='ocrx_word' id='word_1_266' title='bbox 746 2841 917 2925; x_wconf 89' lang='lat' dir='ltr'>citandum,</span> <span class='ocrx_word' id='word_1_267' title='bbox 942 2862 973 2910; x_wconf 94' lang='lat' dir='ltr'>et</span> <span class='ocrx_word' id='word_1_268' title='bbox 989 2842 1021 2910; x_wconf 86' lang='lat' dir='ltr'>su</span> <span class='ocrx_word' id='word_1_269' title='bbox 1038 2842 1164 2911; x_wconf 90' lang='lat' dir='ltr'>decreta</span> <span class='ocrx_word' id='word_1_270' title='bbox 1187 2842 1215 2910; x_wconf 87' lang='lat' dir='ltr'>la</span> <span class='ocrx_word' id='word_1_271' title='bbox 1231 2845 1380 2911; x_wconf 82' lang='lat' dir='ltr'>citatione</span> <span class='ocrx_word' id='word_1_272' title='bbox 1403 2847 1618 2933; x_wconf 87' lang='lat' dir='ltr'>peremptorie</span> 
     </span>
     <span class='ocr_line' id='line_1_25' title="bbox 247 2947 1617 3037; baseline 0.003 -21"><span class='ocrx_word' id='word_1_273' title='bbox 247 2971 302 3037; x_wconf 92' lang='lat' dir='ltr'>per</span> <span class='ocrx_word' id='word_1_274' title='bbox 324 2949 346 3015; x_wconf 94' lang='lat' dir='ltr'>il</span> <span class='ocrx_word' id='word_1_275' title='bbox 369 2947 400 3016; x_wconf 93' lang='lat' dir='ltr'>dl</span> <span class='ocrx_word' id='word_1_276' title='bbox 422 2949 531 3016; x_wconf 90' lang='lat' dir='ltr'>XVllI</span> <span class='ocrx_word' id='word_1_277' title='bbox 552 2947 602 3016; x_wconf 91' lang='lat' dir='ltr'>del</span> <span class='ocrx_word' id='word_1_278' title='bbox 625 2961 782 3037; x_wconf 88' lang='lat' dir='ltr'>presente,</span> <span class='ocrx_word' id='word_1_279' title='bbox 806 2950 865 3017; x_wconf 93' lang='lat' dir='ltr'>che</span> <span class='ocrx_word' id='word_1_280' title='bbox 888 2953 956 3017; x_wconf 75' lang='lat' dir='ltr'>sart</span> <span class='ocrx_word' id='word_1_281' title='bbox 979 2950 1009 3015; x_wconf 91' lang='lat' dir='ltr'>in</span> <span class='ocrx_word' id='word_1_282' title='bbox 1027 2948 1167 3031; x_wconf 91' lang='lat' dir='ltr'>venerdl,</span> <span class='ocrx_word' id='word_1_283' title='bbox 1192 2961 1223 3017; x_wconf 92' lang='lat' dir='ltr'>et</span> <span class='ocrx_word' id='word_1_284' title='bbox 1246 2952 1313 3017; x_wconf 91' lang='lat' dir='ltr'>cosl</span> <span class='ocrx_word' id='word_1_285' title='bbox 1336 2973 1420 3017; x_wconf 90' lang='lat' dir='ltr'>sono</span> <span class='ocrx_word' id='word_1_286' title='bbox 1439 2953 1510 3019; x_wconf 88' lang='lat' dir='ltr'>stati</span> <span class='ocrx_word' id='word_1_287' title='bbox 1534 2953 1617 3020; x_wconf 87' lang='lat' dir='ltr'>citati</span> 
     </span>
     <span class='ocr_line' id='line_1_26' title="bbox 248 3054 1618 3145; baseline 0.004 -24"><span class='ocrx_word' id='word_1_288' title='bbox 248 3065 279 3121; x_wconf 89' lang='lat' dir='ltr'>et</span> <span class='ocrx_word' id='word_1_289' title='bbox 300 3055 329 3121; x_wconf 89' lang='lat' dir='ltr'>la</span> <span class='ocrx_word' id='word_1_290' title='bbox 352 3055 473 3122; x_wconf 75' lang='lat' dir='ltr'>Maesta</span> <span class='ocrx_word' id='word_1_291' title='bbox 497 3054 547 3122; x_wconf 91' lang='lat' dir='ltr'>del</span> <span class='ocrx_word' id='word_1_292' title='bbox 570 3079 604 3123; x_wconf 88' lang='lat' dir='ltr'>re</span> <span class='ocrx_word' id='word_1_293' title='bbox 628 3068 659 3123; x_wconf 91' lang='lat' dir='ltr'>et</span> <span class='ocrx_word' id='word_1_294' title='bbox 686 3057 774 3123; x_wconf 90' lang='lat' dir='ltr'>reina</span> <span class='ocrx_word' id='word_1_295' title='bbox 796 3079 852 3145; x_wconf 91' lang='lat' dir='ltr'>per</span> <span class='ocrx_word' id='word_1_296' title='bbox 875 3057 896 3124; x_wconf 93' lang='lat' dir='ltr'>li</span> <span class='ocrx_word' id='word_1_297' title='bbox 919 3057 1059 3145; x_wconf 88' lang='lat' dir='ltr'>episcopi</span> <span class='ocrx_word' id='word_1_298' title='bbox 1083 3056 1314 3123; x_wconf 88' lang='lat' dir='ltr'>Lincolniensis</span> <span class='ocrx_word' id='word_1_299' title='bbox 1343 3076 1374 3124; x_wconf 93' lang='lat' dir='ltr'>et</span> <span class='ocrx_word' id='word_1_300' title='bbox 1397 3057 1618 3126; x_wconf 90' lang='lat' dir='ltr'>Bathoniensis</span> 
     </span>
     <span class='ocr_line' id='line_1_27' title="bbox 247 3158 1617 3251; baseline 0.005 -26"><span class='ocrx_word' id='word_1_301' title='bbox 247 3162 353 3227; x_wconf 89' lang='lat' dir='ltr'>nuncii</span> <span class='ocrx_word' id='word_1_302' title='bbox 376 3158 414 3227; x_wconf 87' lang='lat' dir='ltr'>ad</span> <span class='ocrx_word' id='word_1_303' title='bbox 439 3161 501 3228; x_wconf 92' lang='lat' dir='ltr'>hoc</span> <span class='ocrx_word' id='word_1_304' title='bbox 524 3159 664 3249; x_wconf 89' lang='lat' dir='ltr'>deputati</span> <span class='ocrx_word' id='word_1_305' title='bbox 680 3174 712 3230; x_wconf 92' lang='lat' dir='ltr'>et</span> <span class='ocrx_word' id='word_1_306' title='bbox 726 3164 827 3244; x_wconf 86' lang='lat' dir='ltr'>iurati,</span> <span class='ocrx_word' id='word_1_307' title='bbox 851 3181 883 3230; x_wconf 91' lang='lat' dir='ltr'>et</span> <span class='ocrx_word' id='word_1_308' title='bbox 906 3185 989 3251; x_wconf 88' lang='lat' dir='ltr'>pare,</span> <span class='ocrx_word' id='word_1_309' title='bbox 1014 3162 1114 3230; x_wconf 91' lang='lat' dir='ltr'>cheli</span> <span class='ocrx_word' id='word_1_310' title='bbox 1138 3165 1208 3229; x_wconf 89' lang='lat' dir='ltr'>suoi</span> <span class='ocrx_word' id='word_1_311' title='bbox 1224 3164 1300 3230; x_wconf 89' lang='lat' dir='ltr'>savii</span> <span class='ocrx_word' id='word_1_312' title='bbox 1324 3163 1534 3247; x_wconf 88' lang='lat' dir='ltr'>concludano,</span> <span class='ocrx_word' id='word_1_313' title='bbox 1559 3165 1617 3232; x_wconf 90' lang='lat' dir='ltr'>che</span> 
     </span>
     <span class='ocr_line' id='line_1_28' title="bbox 247 3267 1620 3357; baseline 0.005 -25"><span class='ocrx_word' id='word_1_314' title='bbox 247 3279 365 3355; x_wconf 91' lang='lat' dir='ltr'>quanto</span> <span class='ocrx_word' id='word_1_315' title='bbox 392 3267 461 3333; x_wconf 88' lang='lat' dir='ltr'>ala</span> <span class='ocrx_word' id='word_1_316' title='bbox 488 3268 589 3355; x_wconf 84' lang='lat' dir='ltr'>prima</span> <span class='ocrx_word' id='word_1_317' title='bbox 616 3286 703 3356; x_wconf 89' lang='lat' dir='ltr'>parte</span> <span class='ocrx_word' id='word_1_318' title='bbox 732 3268 771 3336; x_wconf 93' lang='lat' dir='ltr'>de</span> <span class='ocrx_word' id='word_1_319' title='bbox 801 3267 829 3335; x_wconf 91' lang='lat' dir='ltr'>la</span> <span class='ocrx_word' id='word_1_320' title='bbox 857 3267 940 3335; x_wconf 88' lang='lat' dir='ltr'>bolla</span> <span class='ocrx_word' id='word_1_321' title='bbox 968 3267 1135 3336; x_wconf 88' lang='lat' dir='ltr'>debbiamo</span> <span class='ocrx_word' id='word_1_322' title='bbox 1166 3267 1340 3357; x_wconf 92' lang='lat' dir='ltr'>procedere</span> <span class='ocrx_word' id='word_1_323' title='bbox 1369 3293 1407 3336; x_wconf 83' lang='lat' dir='ltr'>ex</span> <span class='ocrx_word' id='word_1_324' title='bbox 1435 3268 1559 3353; x_wconf 87' lang='lat' dir='ltr'>officio;</span> <span class='ocrx_word' id='word_1_325' title='bbox 1588 3283 1620 3339; x_wconf 92' lang='lat' dir='ltr'>et</span> 
     </span>
     <span class='ocr_line' id='line_1_29' title="bbox 247 3372 1619 3463; baseline 0.002 -23"><span class='ocrx_word' id='word_1_326' title='bbox 247 3373 364 3440; x_wconf 86' lang='lat' dir='ltr'>Vostra</span> <span class='ocrx_word' id='word_1_327' title='bbox 396 3373 543 3460; x_wconf 89' lang='lat' dir='ltr'>Signoria</span> <span class='ocrx_word' id='word_1_328' title='bbox 572 3375 616 3440; x_wconf 90' lang='lat' dir='ltr'>sia</span> <span class='ocrx_word' id='word_1_329' title='bbox 647 3387 745 3454; x_wconf 88' lang='lat' dir='ltr'>certa,</span> <span class='ocrx_word' id='word_1_330' title='bbox 777 3375 834 3442; x_wconf 92' lang='lat' dir='ltr'>che</span> <span class='ocrx_word' id='word_1_331' title='bbox 862 3396 1022 3442; x_wconf 88' lang='lat' dir='ltr'>useranno</span> <span class='ocrx_word' id='word_1_332' title='bbox 1051 3376 1128 3461; x_wconf 88' lang='lat' dir='ltr'>ogni</span> <span class='ocrx_word' id='word_1_333' title='bbox 1157 3372 1332 3462; x_wconf 86' lang='lat' dir='ltr'>diligentia,</span> <span class='ocrx_word' id='word_1_334' title='bbox 1363 3375 1421 3442; x_wconf 90' lang='lat' dir='ltr'>che</span> <span class='ocrx_word' id='word_1_335' title='bbox 1449 3389 1568 3463; x_wconf 85' lang='lat' dir='ltr'>quanto</span> <span class='ocrx_word' id='word_1_336' title='bbox 1592 3379 1619 3443; x_wconf 89' lang='lat' dir='ltr'>si</span> 
     </span>
     <span class='ocr_line' id='line_1_30' title="bbox 247 3479 1619 3570; baseline 0.003 -25"><span class='ocrx_word' id='word_1_337' title='bbox 247 3481 310 3567; x_wconf 89' lang='lat' dir='ltr'>pub</span> <span class='ocrx_word' id='word_1_338' title='bbox 326 3479 379 3567; x_wconf 83' lang='lat' dir='ltr'>pin</span> <span class='ocrx_word' id='word_1_339' title='bbox 395 3491 503 3567; x_wconf 90' lang='lat' dir='ltr'>presto</span> <span class='ocrx_word' id='word_1_340' title='bbox 526 3481 553 3545; x_wconf 87' lang='lat' dir='ltr'>si</span> <span class='ocrx_word' id='word_1_341' title='bbox 568 3502 670 3567; x_wconf 85' lang='lat' dir='ltr'>venga</span> <span class='ocrx_word' id='word_1_342' title='bbox 693 3479 750 3547; x_wconf 88' lang='grc'><strong>3113</strong></span> <span class='ocrx_word' id='word_1_343' title='bbox 766 3480 983 3563; x_wconf 88' lang='lat' dir='ltr'>conclusione,</span> <span class='ocrx_word' id='word_1_344' title='bbox 1007 3492 1039 3548; x_wconf 91' lang='lat' dir='ltr'>et</span> <span class='ocrx_word' id='word_1_345' title='bbox 1061 3479 1206 3561; x_wconf 89' lang='lat' dir='ltr'>intendo,</span> <span class='ocrx_word' id='word_1_346' title='bbox 1230 3479 1352 3548; x_wconf 78' lang='lat' dir='ltr'>bencbe</span> <span class='ocrx_word' id='word_1_347' title='bbox 1376 3503 1443 3547; x_wconf 88' lang='lat' dir='ltr'>non</span> <span class='ocrx_word' id='word_1_348' title='bbox 1464 3481 1496 3548; x_wconf 96' lang='lat' dir='ltr'>lo</span> <span class='ocrx_word' id='word_1_349' title='bbox 1512 3483 1619 3570; x_wconf 87' lang='lat' dir='ltr'>sappia</span> 
     </span>
     <span class='ocr_line' id='line_1_31' title="bbox 248 3585 1617 3674; baseline 0.002 -21"><span class='ocrx_word' id='word_1_350' title='bbox 248 3598 350 3668; x_wconf 89' lang='lat' dir='ltr'>certo,</span> <span class='ocrx_word' id='word_1_351' title='bbox 382 3585 440 3653; x_wconf 90' lang='lat' dir='ltr'>che</span> <span class='ocrx_word' id='word_1_352' title='bbox 463 3585 560 3653; x_wconf 85' lang='lat' dir='ltr'>fanno</span> <span class='ocrx_word' id='word_1_353' title='bbox 585 3586 762 3654; x_wconf 89' lang='lat' dir='ltr'>consultare</span> <span class='ocrx_word' id='word_1_354' title='bbox 786 3586 807 3653; x_wconf 93' lang='lat' dir='ltr'>il</span> <span class='ocrx_word' id='word_1_355' title='bbox 830 3610 904 3654; x_wconf 89' lang='lat' dir='ltr'>caso</span> <span class='ocrx_word' id='word_1_356' title='bbox 928 3586 984 3654; x_wconf 89' lang='lat' dir='ltr'>alla</span> <span class='ocrx_word' id='word_1_357' title='bbox 1008 3585 1179 3654; x_wconf 88' lang='lat' dir='ltr'>Academia</span> <span class='ocrx_word' id='word_1_358' title='bbox 1203 3586 1242 3654; x_wconf 93' lang='lat' dir='ltr'>de</span> <span class='ocrx_word' id='word_1_359' title='bbox 1265 3586 1408 3674; x_wconf 86' lang='lat' dir='ltr'>theologi</span> <span class='ocrx_word' id='word_1_360' title='bbox 1432 3587 1617 3656; x_wconf 90' lang='lat' dir='ltr'>Parisiense.</span> 
     </span>
    </p>

    <p class='ocr_par' dir='ltr' id='par_1_4' title="bbox 246 3690 1620 4950">
     <span class='ocr_line' id='line_1_32' title="bbox 353 3690 1619 3783; baseline 0.002 -23"><span class='ocrx_word' id='word_1_361' title='bbox 353 3693 444 3760; x_wconf 84' lang='lat' dir='ltr'>Circa</span> <span class='ocrx_word' id='word_1_362' title='bbox 460 3691 594 3760; x_wconf 89' lang='lat' dir='ltr'>l’andata</span> <span class='ocrx_word' id='word_1_363' title='bbox 611 3691 643 3759; x_wconf 90' lang='lat' dir='ltr'>di</span> <span class='ocrx_word' id='word_1_364' title='bbox 659 3693 776 3760; x_wconf 85' lang='lat' dir='ltr'>Cesare</span> <span class='ocrx_word' id='word_1_365' title='bbox 800 3695 832 3760; x_wconf 91' lang='lat' dir='ltr'>in</span> <span class='ocrx_word' id='word_1_366' title='bbox 847 3693 933 3761; x_wconf 87' lang='lat' dir='ltr'>ltalia</span> <span class='ocrx_word' id='word_1_367' title='bbox 957 3695 1060 3783; x_wconf 89' lang='lat' dir='ltr'>questi</span> <span class='ocrx_word' id='word_1_368' title='bbox 1083 3694 1136 3782; x_wconf 90' lang='lat' dir='ltr'>qui</span> <span class='ocrx_word' id='word_1_369' title='bbox 1152 3703 1267 3759; x_wconf 90' lang='lat' dir='ltr'>stanno</span> <span class='ocrx_word' id='word_1_370' title='bbox 1290 3694 1322 3758; x_wconf 90' lang='lat' dir='ltr'>in</span> <span class='ocrx_word' id='word_1_371' title='bbox 1339 3690 1438 3759; x_wconf 81' lang='lat' dir='ltr'>ferma</span> <span class='ocrx_word' id='word_1_372' title='bbox 1454 3693 1619 3781; x_wconf 89' lang='lat' dir='ltr'>opinione,</span> 
     </span>
     <span class='ocr_line' id='line_1_33' title="bbox 247 3797 1618 3886; baseline 0.002 -22"><span class='ocrx_word' id='word_1_373' title='bbox 247 3798 356 3865; x_wconf 88' lang='lat' dir='ltr'>ch&#39;ella</span> <span class='ocrx_word' id='word_1_374' title='bbox 379 3820 446 3864; x_wconf 91' lang='lat' dir='ltr'>non</span> <span class='ocrx_word' id='word_1_375' title='bbox 469 3822 564 3886; x_wconf 90' lang='lat' dir='ltr'>possa</span> <span class='ocrx_word' id='word_1_376' title='bbox 587 3799 727 3886; x_wconf 88' lang='lat' dir='ltr'>seguire,</span> <span class='ocrx_word' id='word_1_377' title='bbox 762 3811 793 3867; x_wconf 89' lang='lat' dir='ltr'>et</span> <span class='ocrx_word' id='word_1_378' title='bbox 816 3797 934 3866; x_wconf 89' lang='lat' dir='ltr'>dicono</span> <span class='ocrx_word' id='word_1_379' title='bbox 959 3822 1064 3867; x_wconf 90' lang='lat' dir='ltr'>essere</span> <span class='ocrx_word' id='word_1_380' title='bbox 1087 3798 1266 3880; x_wconf 79' lang='lat' dir='ltr'>informati,</span> <span class='ocrx_word' id='word_1_381' title='bbox 1297 3797 1355 3864; x_wconf 91' lang='lat' dir='ltr'>cbe</span> <span class='ocrx_word' id='word_1_382' title='bbox 1379 3821 1446 3865; x_wconf 89' lang='lat' dir='ltr'>non</span> <span class='ocrx_word' id='word_1_383' title='bbox 1475 3800 1506 3866; x_wconf 90' lang='lat' dir='ltr'>vi</span> <span class='ocrx_word' id='word_1_384' title='bbox 1534 3822 1618 3867; x_wconf 91' lang='lat' dir='ltr'>sono</span> 
     </span>
     <span class='ocr_line' id='line_1_34' title="bbox 246 3903 1619 3993; baseline 0.001 -22"><span class='ocrx_word' id='word_1_385' title='bbox 246 3906 476 3993; x_wconf 87' lang='lat' dir='ltr'>preparamenti</span> <span class='ocrx_word' id='word_1_386' title='bbox 498 3906 676 3972; x_wconf 90' lang='lat' dir='ltr'>necessarii.</span> <span class='ocrx_word' id='word_1_387' title='bbox 723 3905 773 3972; x_wconf 91' lang='lat' dir='ltr'>De</span> <span class='ocrx_word' id='word_1_388' title='bbox 796 3904 824 3972; x_wconf 90' lang='lat' dir='ltr'>la</span> <span class='ocrx_word' id='word_1_389' title='bbox 847 3929 924 3993; x_wconf 87' lang='lat' dir='ltr'>pace</span> <span class='ocrx_word' id='word_1_390' title='bbox 947 3905 1051 3972; x_wconf 92' lang='lat' dir='ltr'>molto</span> <span class='ocrx_word' id='word_1_391' title='bbox 1074 3907 1100 3971; x_wconf 90' lang='lat' dir='ltr'>si</span> <span class='ocrx_word' id='word_1_392' title='bbox 1123 3906 1265 3992; x_wconf 73' lang='lat' dir='ltr'>ragione,</span> <span class='ocrx_word' id='word_1_393' title='bbox 1288 3904 1347 3972; x_wconf 91' lang='lat' dir='ltr'>che</span> <span class='ocrx_word' id='word_1_394' title='bbox 1365 3903 1513 3972; x_wconf 90' lang='lat' dir='ltr'>Madama</span> <span class='ocrx_word' id='word_1_395' title='bbox 1536 3907 1619 3973; x_wconf 87' lang='lat' dir='ltr'>Mar-</span> 
     </span>
     <span class='ocr_line' id='line_1_35' title="bbox 246 4009 1618 4098; baseline 0.001 -21"><span class='ocrx_word' id='word_1_396' title='bbox 246 4010 368 4098; x_wconf 89' lang='lat' dir='ltr'>gherita</span> <span class='ocrx_word' id='word_1_397' title='bbox 383 4022 415 4078; x_wconf 94' lang='lat' dir='ltr'>et</span> <span class='ocrx_word' id='word_1_398' title='bbox 437 4010 465 4077; x_wconf 95' lang='lat' dir='ltr'>la</span> <span class='ocrx_word' id='word_1_399' title='bbox 484 4009 592 4078; x_wconf 92' lang='lat' dir='ltr'>madre</span> <span class='ocrx_word' id='word_1_400' title='bbox 609 4010 660 4079; x_wconf 93' lang='lat' dir='ltr'>del</span> <span class='ocrx_word' id='word_1_401' title='bbox 675 4012 923 4079; x_wconf 85' lang='lat' dir='ltr'>Cristianissimo</span> <span class='ocrx_word' id='word_1_402' title='bbox 941 4012 1180 4080; x_wconf 90' lang='lat' dir='ltr'>conveniranno</span> <span class='ocrx_word' id='word_1_403' title='bbox 1204 4011 1236 4077; x_wconf 91' lang='lat' dir='ltr'>in</span> <span class='ocrx_word' id='word_1_404' title='bbox 1253 4011 1400 4078; x_wconf 87' lang='lat' dir='ltr'>Cambrai</span> <span class='ocrx_word' id='word_1_405' title='bbox 1421 4023 1451 4079; x_wconf 92' lang='lat' dir='ltr'>et</span> <span class='ocrx_word' id='word_1_406' title='bbox 1474 4011 1618 4080; x_wconf 91' lang='lat' dir='ltr'>secondo</span> 
     </span>
     <span class='ocr_line' id='line_1_36' title="bbox 246 4115 1619 4207; baseline 0.001 -24"><span class='ocrx_word' id='word_1_407' title='bbox 246 4116 347 4184; x_wconf 89' lang='lat' dir='ltr'>alcuni</span> <span class='ocrx_word' id='word_1_408' title='bbox 375 4141 392 4184; x_wconf 90' lang='lat' dir='ltr'>a</span> <span class='ocrx_word' id='word_1_409' title='bbox 421 4141 531 4184; x_wconf 90' lang='lat' dir='ltr'>mezzo</span> <span class='ocrx_word' id='word_1_410' title='bbox 562 4117 583 4184; x_wconf 92' lang='lat' dir='ltr'>il</span> <span class='ocrx_word' id='word_1_411' title='bbox 612 4140 700 4185; x_wconf 91' lang='lat' dir='ltr'>mese</span> <span class='ocrx_word' id='word_1_412' title='bbox 728 4129 884 4207; x_wconf 90' lang='lat' dir='ltr'>presente.</span> <span class='ocrx_word' id='word_1_413' title='bbox 931 4116 955 4184; x_wconf 94' lang='lat' dir='ltr'>ll</span> <span class='ocrx_word' id='word_1_414' title='bbox 983 4117 1138 4185; x_wconf 89' lang='lat' dir='ltr'>cardinale</span> <span class='ocrx_word' id='word_1_415' title='bbox 1166 4118 1210 4183; x_wconf 92' lang='lat' dir='ltr'>mi</span> <span class='ocrx_word' id='word_1_416' title='bbox 1234 4115 1303 4184; x_wconf 89' lang='lat' dir='ltr'>dice</span> <span class='ocrx_word' id='word_1_417' title='bbox 1332 4116 1362 4183; x_wconf 95' lang='lat' dir='ltr'>di</span> <span class='ocrx_word' id='word_1_418' title='bbox 1387 4140 1471 4200; x_wconf 89' lang='lat' dir='ltr'>non,</span> <span class='ocrx_word' id='word_1_419' title='bbox 1501 4130 1532 4184; x_wconf 94' lang='lat' dir='ltr'>et</span> <span class='ocrx_word' id='word_1_420' title='bbox 1561 4119 1619 4184; x_wconf 91' lang='lat' dir='ltr'>che</span> 
     </span>
     <span class='ocr_line' id='line_1_37' title="bbox 247 4221 1618 4312; baseline 0.001 -23"><span class='ocrx_word' id='word_1_421' title='bbox 247 4225 346 4311; x_wconf 87' lang='lat' dir='ltr'>prima</span> <span class='ocrx_word' id='word_1_422' title='bbox 373 4226 401 4289; x_wconf 92' lang='lat' dir='ltr'>si</span> <span class='ocrx_word' id='word_1_423' title='bbox 427 4224 645 4291; x_wconf 88' lang='lat' dir='ltr'>risolveranno</span> <span class='ocrx_word' id='word_1_424' title='bbox 676 4223 697 4290; x_wconf 88' lang='lat' dir='ltr'>li</span> <span class='ocrx_word' id='word_1_425' title='bbox 719 4222 910 4312; x_wconf 86' lang='lat' dir='ltr'>particulari,</span> <span class='ocrx_word' id='word_1_426' title='bbox 941 4242 972 4291; x_wconf 91' lang='lat' dir='ltr'>et</span> <span class='ocrx_word' id='word_1_427' title='bbox 995 4224 1054 4292; x_wconf 88' lang='lat' dir='ltr'>che</span> <span class='ocrx_word' id='word_1_428' title='bbox 1078 4225 1173 4292; x_wconf 91' lang='lat' dir='ltr'>etiam</span> <span class='ocrx_word' id='word_1_429' title='bbox 1196 4222 1239 4290; x_wconf 87' lang='lat' dir='ltr'>lui</span> <span class='ocrx_word' id='word_1_430' title='bbox 1260 4225 1292 4290; x_wconf 91' lang='lat' dir='ltr'>vi</span> <span class='ocrx_word' id='word_1_431' title='bbox 1315 4221 1446 4305; x_wconf 77' lang='lat' dir='ltr'>anderd,</span> <span class='ocrx_word' id='word_1_432' title='bbox 1477 4247 1528 4290; x_wconf 90' lang='lat' dir='ltr'>ma</span> <span class='ocrx_word' id='word_1_433' title='bbox 1552 4246 1618 4290; x_wconf 91' lang='lat' dir='ltr'>non</span> 
     </span>
     <span class='ocr_line' id='line_1_38' title="bbox 247 4328 1619 4419; baseline 0 -23"><span class='ocrx_word' id='word_1_434' title='bbox 247 4328 322 4397; x_wconf 91' lang='lat' dir='ltr'>vuol</span> <span class='ocrx_word' id='word_1_435' title='bbox 344 4332 469 4418; x_wconf 89' lang='lat' dir='ltr'>partire,</span> <span class='ocrx_word' id='word_1_436' title='bbox 492 4354 526 4397; x_wconf 90' lang='lat' dir='ltr'>se</span> <span class='ocrx_word' id='word_1_437' title='bbox 549 4332 650 4419; x_wconf 88' lang='lat' dir='ltr'>prima</span> <span class='ocrx_word' id='word_1_438' title='bbox 672 4341 781 4419; x_wconf 88' lang='lat' dir='ltr'>questa</span> <span class='ocrx_word' id='word_1_439' title='bbox 805 4353 895 4397; x_wconf 88' lang='lat' dir='ltr'>causa</span> <span class='ocrx_word' id='word_1_440' title='bbox 919 4353 985 4397; x_wconf 91' lang='lat' dir='ltr'>non</span> <span class='ocrx_word' id='word_1_441' title='bbox 1010 4334 1028 4397; x_wconf 78' lang='lat' dir='ltr'>e</span> <span class='ocrx_word' id='word_1_442' title='bbox 1051 4330 1206 4419; x_wconf 85' lang='lat' dir='ltr'>expedita,</span> <span class='ocrx_word' id='word_1_443' title='bbox 1230 4330 1289 4398; x_wconf 91' lang='lat' dir='ltr'>che</span> <span class='ocrx_word' id='word_1_444' title='bbox 1312 4348 1478 4418; x_wconf 89' lang='lat' dir='ltr'>aspettano</span> <span class='ocrx_word' id='word_1_445' title='bbox 1501 4353 1619 4397; x_wconf 87' lang='lat' dir='ltr'>ancora</span> 
     </span>
     <span class='ocr_line' id='line_1_39' title="bbox 248 4434 1620 4527; baseline 0.001 -25"><span class='ocrx_word' id='word_1_446' title='bbox 248 4434 444 4527; x_wconf 80' lang='lat' dir='ltr'>d’iptendere</span> <span class='ocrx_word' id='word_1_447' title='bbox 474 4435 595 4525; x_wconf 91' lang='lat' dir='ltr'>quello,</span> <span class='ocrx_word' id='word_1_448' title='bbox 628 4439 660 4503; x_wconf 92' lang='lat' dir='ltr'>in</span> <span class='ocrx_word' id='word_1_449' title='bbox 693 4437 752 4504; x_wconf 89' lang='lat' dir='ltr'>che</span> <span class='ocrx_word' id='word_1_450' title='bbox 784 4437 811 4503; x_wconf 91' lang='lat' dir='ltr'>si</span> <span class='ocrx_word' id='word_1_451' title='bbox 833 4435 984 4504; x_wconf 78' lang='lat' dir='ltr'>risolvera</span> <span class='ocrx_word' id='word_1_452' title='bbox 1005 4437 1047 4503; x_wconf 87' lang='lat' dir='ltr'>N.</span> <span class='ocrx_word' id='word_1_453' title='bbox 1072 4437 1223 4525; x_wconf 87' lang='lat' dir='ltr'>Signore,</span> <span class='ocrx_word' id='word_1_454' title='bbox 1256 4434 1476 4504; x_wconf 87' lang='lat' dir='ltr'>dimostrando</span> <span class='ocrx_word' id='word_1_455' title='bbox 1506 4436 1620 4504; x_wconf 86' lang='lat' dir='ltr'>havere</span> 
     </span>
     <span class='ocr_line' id='line_1_40' title="bbox 248 4540 1619 4631; baseline -0.001 -22"><span class='ocrx_word' id='word_1_456' title='bbox 248 4542 349 4610; x_wconf 93' lang='lat' dir='ltr'>molto</span> <span class='ocrx_word' id='word_1_457' title='bbox 380 4541 554 4625; x_wconf 90' lang='lat' dir='ltr'>desideri0,</span> <span class='ocrx_word' id='word_1_458' title='bbox 585 4543 644 4610; x_wconf 90' lang='lat' dir='ltr'>che</span> <span class='ocrx_word' id='word_1_459' title='bbox 671 4565 726 4631; x_wconf 92' lang='lat' dir='ltr'>per</span> <span class='ocrx_word' id='word_1_460' title='bbox 749 4565 847 4609; x_wconf 91' lang='lat' dir='ltr'>mano</span> <span class='ocrx_word' id='word_1_461' title='bbox 879 4542 910 4610; x_wconf 91' lang='lat' dir='ltr'>di</span> <span class='ocrx_word' id='word_1_462' title='bbox 933 4543 995 4609; x_wconf 82' lang='lat' dir='ltr'>Sua</span> <span class='ocrx_word' id='word_1_463' title='bbox 1016 4543 1137 4610; x_wconf 81' lang='lat' dir='ltr'>Santitai</span> <span class='ocrx_word' id='word_1_464' title='bbox 1167 4544 1193 4609; x_wconf 92' lang='lat' dir='ltr'>si</span> <span class='ocrx_word' id='word_1_465' title='bbox 1224 4540 1446 4624; x_wconf 88' lang='lat' dir='ltr'>concludesse,</span> <span class='ocrx_word' id='word_1_466' title='bbox 1476 4541 1619 4629; x_wconf 88' lang='lat' dir='ltr'>potendo</span> 
     </span>
     <span class='ocr_line' id='line_1_41' title="bbox 248 4644 1619 4738; baseline -0.002 -23"><span class='ocrx_word' id='word_1_467' title='bbox 248 4647 348 4737; x_wconf 90' lang='lat' dir='ltr'>quella</span> <span class='ocrx_word' id='word_1_468' title='bbox 376 4650 500 4736; x_wconf 88' lang='lat' dir='ltr'>seguire</span> <span class='ocrx_word' id='word_1_469' title='bbox 529 4648 551 4715; x_wconf 93' lang='lat' dir='ltr'>il</span> <span class='ocrx_word' id='word_1_470' title='bbox 572 4672 632 4716; x_wconf 94' lang='lat' dir='ltr'>suo</span> <span class='ocrx_word' id='word_1_471' title='bbox 660 4649 826 4738; x_wconf 90' lang='lat' dir='ltr'>proposito</span> <span class='ocrx_word' id='word_1_472' title='bbox 858 4646 889 4715; x_wconf 89' lang='lat' dir='ltr'>di</span> <span class='ocrx_word' id='word_1_473' title='bbox 913 4649 1021 4715; x_wconf 92' lang='lat' dir='ltr'>venire</span> <span class='ocrx_word' id='word_1_474' title='bbox 1050 4650 1082 4714; x_wconf 90' lang='lat' dir='ltr'>in</span> <span class='ocrx_word' id='word_1_475' title='bbox 1111 4670 1247 4736; x_wconf 91' lang='lat' dir='ltr'>persona</span> <span class='ocrx_word' id='word_1_476' title='bbox 1276 4670 1294 4714; x_wconf 90' lang='lat' dir='ltr'>a</span> <span class='ocrx_word' id='word_1_477' title='bbox 1321 4644 1473 4728; x_wconf 85' lang='lat' dir='ltr'>trattarla,</span> <span class='ocrx_word' id='word_1_478' title='bbox 1503 4669 1523 4712; x_wconf 95' lang='grc' dir='ltr'>ο</span> <span class='ocrx_word' id='word_1_479' title='bbox 1552 4670 1619 4713; x_wconf 91' lang='lat' dir='ltr'>non</span> 
     </span>
     <span class='ocr_line' id='line_1_42' title="bbox 248 4750 1620 4842; baseline -0.001 -21"><span class='ocrx_word' id='word_1_480' title='bbox 248 4754 389 4840; x_wconf 89' lang='lat' dir='ltr'>potendo</span> <span class='ocrx_word' id='word_1_481' title='bbox 413 4757 439 4822; x_wconf 88' lang='lat' dir='ltr'>si</span> <span class='ocrx_word' id='word_1_482' title='bbox 468 4753 651 4838; x_wconf 89' lang='lat' dir='ltr'>risolvesse,</span> <span class='ocrx_word' id='word_1_483' title='bbox 684 4754 715 4822; x_wconf 91' lang='lat' dir='ltr'>di</span> <span class='ocrx_word' id='word_1_484' title='bbox 745 4753 908 4822; x_wconf 90' lang='lat' dir='ltr'>mandarvi</span> <span class='ocrx_word' id='word_1_485' title='bbox 932 4778 994 4821; x_wconf 90' lang='lat' dir='ltr'>con</span> <span class='ocrx_word' id='word_1_486' title='bbox 1021 4753 1209 4821; x_wconf 87' lang='lat' dir='ltr'>risolutione</span> <span class='ocrx_word' id='word_1_487' title='bbox 1237 4751 1267 4820; x_wconf 90' lang='lat' dir='ltr'>di</span> <span class='ocrx_word' id='word_1_488' title='bbox 1296 4750 1401 4842; x_wconf 91' lang='lat' dir='ltr'>quello</span> <span class='ocrx_word' id='word_1_489' title='bbox 1432 4752 1491 4819; x_wconf 89' lang='lat' dir='ltr'>cbe</span> <span class='ocrx_word' id='word_1_490' title='bbox 1518 4775 1535 4819; x_wconf 91' lang='lat' dir='ltr'>a</span> <span class='ocrx_word' id='word_1_491' title='bbox 1558 4754 1620 4820; x_wconf 89' lang='lat' dir='ltr'>Sua</span> 
     </span>
     <span class='ocr_line' id='line_1_43' title="bbox 249 4856 1620 4950; baseline 0 -24"><span class='ocrx_word' id='word_1_492' title='bbox 249 4858 443 4930; x_wconf 89' lang='lat' dir='ltr'>Beatitudine</span> <span class='ocrx_word' id='word_1_493' title='bbox 471 4884 612 4950; x_wconf 89' lang='lat' dir='ltr'>paresse,</span> <span class='ocrx_word' id='word_1_494' title='bbox 640 4863 698 4929; x_wconf 93' lang='lat' dir='ltr'>che</span> <span class='ocrx_word' id='word_1_495' title='bbox 726 4884 782 4949; x_wconf 93' lang='lat' dir='ltr'>per</span> <span class='ocrx_word' id='word_1_496' title='bbox 810 4862 963 4929; x_wconf 88' lang='lat' dir='ltr'>interesse</span> <span class='ocrx_word' id='word_1_497' title='bbox 993 4860 1025 4928; x_wconf 93' lang='lat' dir='ltr'>di</span> <span class='ocrx_word' id='word_1_498' title='bbox 1053 4858 1154 4948; x_wconf 86' lang='lat' dir='ltr'>quella</span> <span class='ocrx_word' id='word_1_499' title='bbox 1181 4871 1269 4926; x_wconf 91' lang='lat' dir='ltr'>santa</span> <span class='ocrx_word' id='word_1_500' title='bbox 1291 4856 1373 4925; x_wconf 89' lang='lat' dir='ltr'>Sede</span> <span class='ocrx_word' id='word_1_501' title='bbox 1403 4870 1434 4926; x_wconf 91' lang='lat' dir='ltr'>et</span> <span class='ocrx_word' id='word_1_502' title='bbox 1462 4881 1537 4926; x_wconf 93' lang='lat' dir='ltr'>cose</span> <span class='ocrx_word' id='word_1_503' title='bbox 1564 4881 1620 4946; x_wconf 91' lang='lat' dir='ltr'>pu-</span> 
     </span>
    </p>
   </div>
   <div class='ocr_carea' id='block_1_3' title="bbox 250 4962 1620 5133">
    <p class='ocr_par' dir='ltr' id='par_1_5' title="bbox 250 4962 1620 5133">
     <span class='ocr_line' id='line_1_44' title="bbox 250 4962 1620 5056; baseline -0.001 -24"><span class='ocrx_word' id='word_1_504' title='bbox 250 4963 349 5034; x_wconf 92' lang='lat' dir='ltr'>bliche</span> <span class='ocrx_word' id='word_1_505' title='bbox 371 4966 454 5034; x_wconf 85' lang='lat' dir='ltr'>fusse</span> <span class='ocrx_word' id='word_1_506' title='bbox 478 4970 700 5036; x_wconf 87' lang='lat' dir='ltr'>conveniente.</span> <span class='ocrx_word' id='word_1_507' title='bbox 743 4968 781 5034; x_wconf 86' lang='lat' dir='ltr'>Et</span> <span class='ocrx_word' id='word_1_508' title='bbox 803 4990 859 5056; x_wconf 92' lang='lat' dir='ltr'>per</span> <span class='ocrx_word' id='word_1_509' title='bbox 883 4989 988 5034; x_wconf 90' lang='lat' dir='ltr'>essere</span> <span class='ocrx_word' id='word_1_510' title='bbox 1012 4965 1031 5032; x_wconf 95' lang='lat' dir='ltr'>il</span> <span class='ocrx_word' id='word_1_511' title='bbox 1056 4967 1150 5034; x_wconf 75' lang='lat' dir='ltr'>limo,</span> <span class='ocrx_word' id='word_1_512' title='bbox 1175 4987 1233 5031; x_wconf 91' lang='lat' dir='ltr'>suo</span> <span class='ocrx_word' id='word_1_513' title='bbox 1258 4962 1401 5051; x_wconf 89' lang='lat' dir='ltr'>figliuolo</span> <span class='ocrx_word' id='word_1_514' title='bbox 1425 4987 1575 5052; x_wconf 89' lang='lat' dir='ltr'>appresso</span> <span class='ocrx_word' id='word_1_515' title='bbox 1599 4964 1620 5031; x_wconf 95' lang='lat' dir='ltr'>il</span> 
     </span>
     <span class='ocr_line' id='line_1_45' title="bbox 1474 5093 1486 5133; baseline 0 0"><span class='ocrx_word' id='word_1_516' title='bbox 1474 5093 1486 5133; x_wconf 83' lang='lat' dir='ltr'>&#39;l</span> 
     </span>
    </p>
   </div>
   <div class='ocr_carea' id='block_1_4' title="bbox 0 0 1928 5592">
    <p class='ocr_par' dir='ltr' id='par_1_6' title="bbox 0 0 1928 5592">
     <span class='ocr_line' id='line_1_46' title="bbox 0 0 1928 5592; baseline 0 0"><span class='ocrx_word' id='word_1_517' title='bbox 0 0 1928 5592; x_wconf 95' lang='lat' dir='ltr'> </span> 
     </span>
    </p>
   </div>
  </div>
 </body>
</html>
