3836 5598
271 387 338 443 1529
356 372 415 443 Juli.
1576 355 1638 418 123

268 544 396 600 naturae
421 528 567 599 inductae
590 529 731 612 fuerunt,
761 532 889 620 ipsaque
912 545 1021 597 natura
1045 529 1154 611 docet,
1179 528 1327 596 omnibus
1350 527 1561 596 animantibus
1586 526 1638 595 de-

267 635 448 706 fensionem
477 635 583 704 deberi
607 650 638 704 et
664 659 731 704 non
755 635 832 704 tolli.
879 637 1013 704 Etcum
1038 636 1152 705 devota
1175 636 1338 703 Sanctitati
1362 635 1493 702 Vestrae
1522 635 1638 701 oratrix

269 742 438 810 Catherina
461 744 570 831 regina
586 742 719 830 Angliae
743 766 815 810 cum
839 741 884 808 Ill.
908 743 1049 809 Henrico
1073 765 1148 829 rege
1168 740 1301 829 Angliae
1325 741 1357 807 in
1381 739 1489 808 favore
1512 752 1638 807 sanctae

268 850 375 917 matris
403 849 552 917 eeclesiae
580 850 819 917 matrimonium
843 871 899 936 per
922 847 1016 915 verba
1044 845 1083 915 de
1107 848 1264 934 praesenti
1292 844 1490 935 praeambula
1513 844 1638 934 dispen-

267 955 390 1022 satione
413 954 586 1042 apostolica
603 953 743 1041 legitime
760 956 951 1022 contraxerit
966 953 1104 1044 illudque
1127 952 1240 1021 carnali
1257 952 1369 1041 copula
1393 953 1637 1034 consumaverit,

266 1060 355 1149 prole
379 1059 493 1128 deinde
516 1079 671 1147 suscepta,
695 1049 727 1127 el
750 1062 781 1126 in
807 1058 922 1127 eodem
945 1061 1152 1127 matrimonio
1176 1082 1231 1147 per
1247 1058 1355 1125 XVIII
1378 1081 1480 1125 annos
1505 1070 1536 1125 et
1559 1056 1638 1125 ultra

266 1166 396 1255 pacifice
425 1180 455 1234 et
479 1167 583 1255 quiete
611 1168 820 1254 permanserit
847 1169 955 1256 sicque
982 1190 1075 1255 super
1103 1165 1220 1234 eodem
1251 1166 1457 1233 matrimonio
1485 1164 1638 1254 proleque

268 1272 449 1341 huiusmodi
473 1272 634 1340 molestari
668 1273 896 1362 inquietarique
927 1275 1060 1340 minime
1084 1270 1259 1340 debuisset:
1293 1269 1501 1338 nihilominus
1530 1283 1637 1338 tamen

267 1378 426 1446 Dominus
457 1379 613 1446 Henricus
644 1402 698 1446 rex
732 1378 886 1467 praelatus
918 1391 1028 1446 contra
1056 1378 1262 1447 Catherinam
1293 1378 1437 1465 reginam
1469 1376 1637 1445 oratricem

266 1483 434 1572 praefatam
451 1507 545 1572 super
569 1482 750 1552 huiusmodi
774 1487 980 1552 matrimonio
997 1486 1096 1573 ipsam
1116 1485 1284 1551 oratricem
1308 1481 1521 1571 multipliciter
1537 1480 1637 1550 mole·

266 1602 363 1658 stasse
386 1615 422 1657 ac
445 1592 649 1678 praeinsertil
671 1592 782 1678 vigore
811 1614 919 1658 coram
944 1591 1042 1659 Rmis.
1067 1591 1217 1659 Dominis
1245 1588 1449 1658 cardinalibus
1473 1588 1583 1676 legatis
1607 1600 1637 1656 et

266 1697 490 1763 commissariis
519 1693 684 1784 praedictis
713 1698 745 1764 in
771 1720 895 1764 causam
923 1699 1053 1765 traxisse
1082 1696 1204 1780 dicitur,
1232 1696 1319 1787 quod
1348 1696 1464 1764 oratrix
1493 1706 1638 1782 suspecta

267 1813 297 1869 et
320 1803 448 1891 insuper
471 1814 600 1890 propter
623 1803 800 1891 potentiam
823 1804 920 1891 ipsius
937 1803 1070 1870 Domini
1089 1804 1219 1870 Henrici
1242 1804 1326 1891 regis
1350 1825 1417 1869 non
1441 1824 1537 1889 posse
1560 1823 1637 1869 con-

265 1909 354 1998 sequi
381 1910 515 1977 iustitiae
539 1907 811 1997 complementum
840 1908 993 1997 allegavit.
1041 1909 1166 1991 Quibus
1195 1906 1481 1977 nonobstantibus
1508 1905 1637 1995 praefati

266 2015 347 2082 Rmi.
365 2015 500 2083 Domini
518 2013 689 2083 cardinales
711 2014 805 2103 legati
830 2027 861 2083 et
878 2017 1088 2083 commissarii
1111 2038 1145 2083 se
1161 2012 1279 2083 iudices
1303 2026 1524 2103 competentes
1547 2037 1636 2103 prae·

265 2118 417 2188 iudicasse
441 2118 596 2188 dicuntur.
644 2123 672 2187 A
696 2120 808 2211 quibus
833 2119 981 2188 omnibus
1005 2144 1064 2209 pro
1088 2133 1175 2210 parte
1198 2123 1341 2189 oratricis
1369 2120 1408 2187 ad
1431 2121 1634 2189 Sanctitatem

264 2226 412 2294 Vestram
435 2239 639 2317 sanctamque
663 2226 778 2295 Sedem
795 2227 1014 2315 Apostolicam
1039 2229 1140 2296 extitit
1163 2227 1351 2316 appellatum
1376 2239 1407 2295 et
1431 2225 1470 2294 de
1494 2225 1635 2294 nullitate

265 2329 400 2415 dictum,
425 2346 455 2401 et
478 2356 571 2422 quam
596 2355 691 2421 grave
715 2334 769 2415 sit,
799 2356 907 2401 coram
938 2335 1091 2422 suspectis
1114 2332 1267 2402 iudicibus
1290 2357 1326 2401 ac
1354 2335 1386 2400 iu
1414 2333 1488 2400 loco
1517 2334 1560 2400 ita
1586 2357 1636 2400 su·
1743 2324 1747 2331 ’

264 2452 374 2527 specto
398 2451 428 2507 et
453 2450 563 2507 contra
585 2451 709 2507 tantum
732 2441 909 2528 principem
932 2440 1068 2529 litigare,
1098 2459 1128 2508 et
1152 2464 1208 2529 per
1231 2442 1373 2529 reginam
1397 2462 1531 2507 uxorem
1562 2437 1636 2508 dicti

264 2548 357 2634 regis,
386 2544 535 2636 quodque
567 2564 600 2613 ut
629 2547 711 2614 inter
739 2547 896 2635 principes
925 2547 972 2613 ius
1004 2547 1172 2636 unicuique
1200 2544 1358 2628 reddatur,
1388 2556 1419 2614 et
1450 2568 1491 2612 ne
1519 2546 1636 2613 oratrix

264 2663 431 2739 propterea
453 2653 486 2718 in
510 2675 569 2720 suo
593 2653 659 2719 iure
684 2653 820 2740 opprimi
845 2652 956 2720 habeat
979 2654 1117 2720 maxime
1143 2654 1175 2720 in
1200 2675 1291 2723 causa
1314 2650 1554 2733 matrimoniali,
1583 2651 1636 2719 ubi

263 2759 289 2824 si
318 2759 435 2826 oratrix
457 2759 566 2841 vellet,
595 2781 654 2826 suo
684 2782 843 2826 consensu
872 2781 940 2826 non
969 2778 1078 2847 posset
1109 2758 1220 2827 tollere
1248 2756 1409 2826 vinculum
1440 2758 1635 2825 matrimonii

265 2861 447 2932 huiusmodi
471 2878 694 2932 consumatum
718 2877 750 2933 et
773 2865 861 2954 prole
885 2877 1039 2954 suscepta.

369 2971 467 3058 lgitur
496 2970 742 3039 clementissime
770 2973 871 3054 Pater,
898 2970 1041 3040 officium
1064 2971 1262 3039 Clementiae
1291 2982 1322 3038 et
1344 2971 1522 3038 Sanctitatis
1545 2968 1635 3037 Tuae

265 3088 321 3156 est,
344 3076 377 3142 in
394 3079 573 3165 praemissis
589 3096 770 3165 opportune
794 3075 972 3166 providere,
997 3102 1069 3145 cum
1085 3078 1216 3145 materia
1239 3078 1278 3145 sit
1295 3076 1480 3165 exemplaris
1504 3095 1535 3144 et
1554 3077 1635 3144 inter

264 3203 355 3269 reges
379 3201 410 3250 et
426 3185 593 3271 principes,
618 3198 811 3273 possentque
835 3208 901 3251 non
918 3184 1005 3251 abre
1030 3186 1147 3252 causari
1171 3207 1239 3252 non
1255 3207 1349 3272 parva
1364 3181 1518 3251 scandala.
1558 3180 1635 3250 Ideo

264 3285 303 3354 ad
331 3311 440 3376 preces
469 3291 610 3357 oratricis
639 3288 793 3378 praefatae
820 3290 968 3380 dignetur
996 3292 1149 3359 Sanctitas
1174 3292 1287 3358 Vestra
1315 3312 1441 3358 causam
1469 3308 1499 3356 et
1528 3312 1635 3357 causas

265 3393 446 3463 huiusmodi
473 3396 506 3462 in
529 3395 650 3464 eisdem
673 3398 817 3464 terminis
846 3409 877 3464 et
899 3409 996 3478 statu,
1025 3395 1137 3486 quibus
1161 3398 1264 3464 existit
1294 3409 1325 3464 et
1355 3393 1494 3484 pendere
1522 3393 1635 3482 digno·

263 3500 369 3583 scitur,
394 3501 488 3569 etiam
512 3502 537 3569 si
561 3502 593 3569 in
618 3501 729 3570 eadem
754 3502 938 3571 conclusum
963 3505 1089 3585 existat,
1116 3514 1234 3570 attenta
1258 3504 1410 3570 continua
1436 3502 1635 3569 recusatione

264 3618 296 3673 et
318 3606 542 3676 reclamatione
565 3607 605 3675 ad
627 3632 661 3676 se
684 3607 839 3677 advocare
869 3608 1014 3699 illamque
1040 3622 1071 3677 et
1094 3607 1311 3697 appellationis
1335 3626 1366 3675 et
1389 3605 1635 3696 appellationum

264 3735 299 3778 ac
315 3715 550 3781 recusationum
575 3734 606 3782 et
621 3716 888 3804 protestationum
912 3739 947 3782 ac
964 3717 1110 3782 omnium
1128 3729 1160 3781 et
1175 3713 1370 3802 singularum
1387 3712 1632 3802 appellationum

264 3840 322 3905 pro
345 3830 434 3905 parte
457 3821 598 3888 oratricis
621 3844 639 3887 a
661 3820 898 3911 quibuscunque
927 3822 1085 3910 proceptis
1113 3820 1370 3901 interlocutoriis,
1400 3821 1493 3888 etiam
1522 3817 1635 3887 diffini·

264 3924 346 3991 tivae
361 3926 536 3993 sententiae
560 3926 711 3994 hactenus
728 3928 932 4016 interpositae
956 3940 987 3995 et
1002 3928 1258 4015 interpositarum
1283 3925 1440 4009 nullitatis,
1464 3927 1635 4016 iniquitatis

264 4041 296 4096 et
328 4031 496 4099 iniustitiae
527 4033 688 4122 totiusque
722 4035 861 4121 pretensi
895 4057 1062 4122 processus
1094 4032 1337 4123 quomodolibet
1372 4031 1467 4100 habiti
1500 4044 1532 4100 et
1562 4031 1634 4100 facti

264 4148 564 4228 attemtatorumque
592 4152 624 4206 et
646 4140 872 4208 innovatorum
901 4162 1165 4231 quorumcunque
1188 4142 1348 4230 totiusque
1376 4140 1498 4228 negotii
1520 4140 1634 4227 princi-

263 4241 339 4330 palis
363 4242 559 4327 huiusmodi,
591 4269 650 4313 nec
674 4269 740 4312 non
764 4269 859 4336 quam
884 4259 915 4314 et
937 4269 1013 4335 quas
1037 4247 1152 4314 oratrix
1182 4245 1318 4336 praelata
1345 4245 1437 4313 habet
1466 4264 1497 4312 et
1524 4258 1635 4313 movet

265 4347 441 4438 habereque
465 4363 496 4420 et
519 4374 650 4419 movere
673 4351 739 4420 vtrlt
767 4365 798 4420 et
821 4352 957 4421 intendit
980 4372 1090 4422 contra
1119 4372 1150 4422 et
1173 4351 1322 4422 adversus
1345 4352 1523 4419 Dominum
1547 4352 1634 4419 Hen-

264 4454 363 4522 ricum
391 4479 502 4544 regem
531 4456 703 4545 praefatum
728 4480 906 4549 omnesque
934 4459 1012 4527 alios
1040 4471 1072 4527 et
1098 4459 1240 4548 singulos
1269 4482 1325 4526 sua
1348 4458 1561 4526 communiter
1584 4457 1632 4523 vel

264 4558 388 4629 divisim
417 4563 570 4630 interesse
598 4562 756 4651 putandos
784 4563 823 4631 de
847 4584 878 4632 et
902 4588 996 4653 super
1024 4564 1308 4646 molestationibus,
1337 4561 1632 4651 perturbationibus,

264 4668 541 4756 inquietationibus
565 4688 596 4736 et
611 4668 848 4758 impedimentis
865 4672 990 4739 oratrici
1013 4670 1189 4760 praedictae
1205 4668 1246 4738 de
1262 4689 1294 4738 et
1310 4691 1404 4757 super
1426 4668 1633 4736 matrimonio

266 4772 446 4843 huiusmodi
473 4774 716 4864 quomodolibet
738 4774 828 4844 illatis
852 4789 884 4844 et
906 4776 1012 4844 inferri
1036 4778 1238 4845 comminatis
1267 4778 1399 4864 ipsoque
1426 4774 1632 4842 matrimonio

370 4943 378 4971 ¹
397 4935 468 4989 Dem
486 4934 606 5006 Antrage
629 4934 676 4988 der
694 4934 876 4990 Kaiserlichen
899 4953 956 4989 war
980 4936 1039 4989 eine
1057 4934 1192 4989 Abschrift
1215 4934 1262 4988 der
1283 4934 1466 4988 KommIssion
1484 4933 1531 4987 rur
1550 4933 1632 4988 Carn-

266 5005 365 5075 peggio
383 5005 437 5059 und
457 5004 569 5075 Wolsey
588 5022 651 5059 vom
674 5021 712 5075 13.
733 5005 806 5077 April
825 5007 908 5060 bezw.
928 5007 952 5059 8.
972 5006 1032 5076 Juni
1053 5007 1119 5073 1528
1138 5004 1284 5077 beigelbgt.
