3836 5598
296 308 357 369 131
1449 324 1569 378 Olrtober
1590 340 1664 395 1529.

293 479 431 568 parlassi,
454 478 547 546 hebbi
570 478 599 547 le
623 478 684 546 due
707 478 817 548 ultime
840 478 871 547 di
891 480 932 547 V.
956 480 988 548 S.
1013 480 1044 548 di
1068 482 1130 549 XII
1153 481 1300 571 d’agosto
1325 494 1357 550 et
1379 483 1408 549 Π
1431 481 1463 550 111
1486 482 1665 571 septembre

295 585 344 652 col
373 583 467 652 breve
495 609 513 651 a
536 585 597 652 Sua
621 584 742 652 Maesta
771 586 852 652 circa
878 587 907 652 la
929 588 1135 655 revocatione
1165 586 1257 655 dele
1287 612 1420 656 censure
1449 600 1480 655 et
1502 611 1585 676 pene
1613 611 1665 677 pe·

294 692 430 758 cuniarie
454 710 485 758 et
507 692 716 778 suspensione
740 690 779 758 de
803 691 831 757 la
847 714 939 758 causa
961 690 1028 759 fino
1052 717 1069 760 a
1092 693 1205 776 natale,
1230 705 1261 762 et
1284 717 1378 782 sopra
1401 693 1432 761 di
1456 706 1565 783 queste
1590 717 1665 762 cose

293 797 352 864 feci
375 822 392 863 a
415 797 515 884 lungo
539 798 782 884 ragionameuto
806 820 868 865 con
892 797 923 864 S.
948 799 1005 879 M,
1031 798 1332 867 communicandole
1356 812 1387 867 et
1410 799 1601 868 riferendole
1626 799 1664 867 de

293 904 321 971 le
345 903 454 971 lettere
470 914 589 991 quanto
613 904 657 969 mi
681 926 775 991 parve
798 904 830 970 in
846 905 1023 992 proposito.
1069 904 1113 971 La
1137 904 1226 994 quale
1250 907 1332 973 circa
1354 904 1382 972 la
1406 905 1665 974 confederatione

293 1034 359 1077 11011
389 1010 456 1077 fece
484 1009 584 1077 molte
612 1009 734 1096 parole,
759 1033 818 1077 nec
846 1008 997 1091 laudavit,
1027 1033 1086 1077 nec
1109 1013 1305 1099 vituperavit.
1352 1013 1403 1079 Ne
1427 1014 1509 1080 circa
1536 1013 1565 1078 la
1592 1036 1666 1081 avo-

293 1117 418 1184 catione
442 1115 532 1183 dela
557 1139 647 1182 causa
675 1137 732 1204 per
754 1115 783 1182 le
807 1139 882 1182 cose
910 1139 1056 1204 precesse
1084 1120 1209 1185 mostrd
1233 1119 1327 1185 etiam
1352 1118 1455 1186 molto
1484 1104 1665 1206 dispiacere,

294 1248 345 1290 ma
374 1222 435 1290 ben
466 1224 590 1289 mostrb
620 1220 650 1288 di
675 1221 791 1289 dolersi
820 1221 850 1289 di
873 1223 915 1290 N.
940 1223 1076 1310 Signore
1105 1235 1136 1290 et
1165 1222 1195 1290 di
1224 1248 1292 1306 me,
1322 1225 1380 1292 che
1410 1224 1439 1292 le
1467 1226 1557 1291 sieno
1586 1235 1666 1292 state
1725 1248 1731 1255 ·

293 1329 364 1397 date
387 1328 505 1417 parole.

401 1433 562 1516 »Quando
586 1436 618 1500 io
642 1433 670 1500 le
694 1433 803 1501 diceva
825 1435 854 1501 le
879 1458 971 1502 cause
995 1434 1034 1502 de
1057 1434 1278 1518 l’avocatione‚
1306 1437 1350 1502 mi
1375 1436 1457 1503 disse
1481 1448 1591 1525 queste
1614 1459 1666 1524 pa-

292 1541 360 1610 role
382 1540 523 1609 formali:
549 1542 655 1609 Vestri
678 1542 800 1629 optime
823 1542 926 1609 sciunt
950 1541 1195 1609 accommodare
1218 1542 1313 1610 verba
1335 1545 1491 1631 tempori3
1525 1541 1582 1609 sed
1604 1543 1666 1608 Sua

293 1649 447 1716 Sanctitas
470 1672 505 1714 ac
528 1671 587 1714 vos
611 1649 706 1728 scitis,
735 1646 823 1736 qnod
846 1649 924 1715 mihi
947 1647 1004 1716 fuit
1032 1647 1244 1736 significatum
1268 1648 1306 1715 ab
1329 1647 1430 1731 Urbe,
1459 1660 1492 1715 nt
1516 1645 1665 1716 deberem

293 1777 462 1843 procurare
491 1755 697 1835 sententiam,
728 1777 789 1842 qua
817 1753 877 1821 lata
907 1778 957 1821 res
986 1773 1096 1842 postea
1127 1774 1210 1822 esset
1241 1754 1366 1822 alterius
1396 1773 1535 1821 naturae.
1581 1755 1617 1821 lo
1645 1755 1665 1820 li

293 1861 406 1948 risposi
434 1862 549 1947 prima,
579 1860 636 1926 che
660 1879 779 1948 quanto
802 1884 820 1926 a
844 1884 896 1927 me
926 1862 988 1927 mai
1016 1864 1057 1928 ue
1082 1859 1308 1929 directamente
1340 1865 1382 1927 ne
1406 1859 1666 1928 indirectamente

294 1969 338 2033 mi
363 1990 413 2034 era
442 1977 618 2054 pervenuto
642 1990 660 2031 a
682 1967 795 2033 notitia
822 1990 896 2033 cosa
919 1968 1029 2034 alcuna
1057 1966 1087 2034 di
1112 1986 1236 2056 quest0,
1266 1986 1297 2034 et
1321 1966 1351 2033 di
1374 1968 1416 2034 N.
1441 1966 1577 2055 Signore
1601 1989 1666 2033 cre·

294 2071 376 2140 devo
399 2072 421 2138 il
443 2071 633 2153 medesimo,
662 2072 778 2160 perch&
801 2095 878 2160 pure
907 2072 1027 2140 n'harei
1056 2074 1161 2140 inteso
1193 2072 1323 2162 qualche
1353 2095 1426 2140 cosa
1434 2100 1443 2156 3
1477 2072 1535 2139 che
1565 2095 1600 2138 se
1629 2070 1667 2138 da

293 2178 361 2246 altri
384 2179 405 2245 li
421 2200 473 2245 era
497 2189 579 2246 stato
596 2180 713 2266 scripto
738 2191 862 2267 quest0,
887 2179 919 2245 io
936 2201 1005 2245 non
1029 2201 1142 2267 sapeva
1165 2183 1207 2246 ne
1235 2191 1351 2267 poteva
1374 2178 1507 2246 rendere
1523 2179 1665 2266 ragione.

293 2285 331 2352 Et
355 2283 385 2351 di
409 2286 464 2372 poi
488 2308 548 2351 son
571 2296 654 2351 stato
678 2285 710 2351 in
735 2284 842 2367 dubi0‚
867 2286 925 2352 che
948 2284 1054 2375 quello
1078 2286 1137 2352 che
1161 2287 1272 2353 scrisse
1296 2284 1335 2352 da
1353 2286 1456 2354 Roma
1480 2285 1501 2351 il
1524 2285 1581 2351 Dr.
1599 2284 1667 2351 Ste-

293 2390 411 2478 pban0‚
441 2390 536 2458 havet
558 2390 598 2457 da
627 2392 845 2457 communicat
868 2414 931 2458 con
955 2392 986 2459 S.
1011 2392 1056 2459 M.
1081 2390 1113 2458 di
1142 2391 1241 2459 molta
1270 2392 1472 2479 importantia
1502 2392 1534 2457 in
1558 2400 1667 2479 questa

293 2520 348 2564 sua
365 2520 466 2578 causa,
490 2496 574 2564 fusse
590 2520 652 2563 una
672 2496 712 2564 tal
730 2502 830 2579 cosa,l
853 2496 976 2564 benene
992 2499 1024 2563 io
1042 2521 1109 2564 non
1125 2521 1177 2564 me
1193 2521 1235 2565 ne
1251 2496 1361 2565 habbia
1384 2509 1498 2586 potuto
1514 2495 1665 2563 verificar.

295 2602 459 2694 Quidquid
483 2603 515 2671 id
538 2606 588 2685 sit,
612 2626 667 2691 per
690 2615 753 2671 star
775 2626 834 2692 pur
849 2603 880 2670 S.
898 2604 943 2670 M.
966 2605 999 2670 in
1023 2617 1133 2692 questa
1148 2605 1313 2691 opinione,
1337 2605 1365 2670 ci
1386 2602 1493 2670 esserli
1516 2624 1666 2691 persuaso

295 2709 334 2776 da
357 2709 435 2793 altri,
459 2722 573 2799 questo
598 2711 803 2778 matrimonio
828 2709 867 2776 de
890 2711 957 2777 iure
981 2710 1090 2776 divino
1114 2712 1250 2777 omnino
1275 2731 1359 2777 esser
1382 2708 1481 2790 nullo,
1511 2731 1579 2776 non
1602 2710 1667 2796 pub

297 2838 381 2883 esser
405 2817 463 2883 che
479 2816 609 2883 l’animo
634 2815 664 2882 di
681 2816 712 2882 S.
730 2816 774 2882 M.
799 2839 866 2882 non
888 2816 932 2882 sia
955 2815 1104 2905 alquanto
1128 2816 1259 2884 alterato
1283 2828 1315 2883 et
1338 2838 1405 2882 11011
1430 2816 1455 2881 si
1480 2814 1585 2901 dolga,
1609 2813 1667 2881 che

296 2922 324 2989 la
347 2944 421 2990 cosa
445 2945 511 2990 non
535 2923 580 2989 sia
603 2945 751 2989 successo
775 2946 792 2988 a
816 2946 875 2989 suo
900 2920 1033 2989 modo«

404 3029 459 3094 »ln
474 3028 620 3117 reliquis«
645 3029 677 3095 S.
694 3028 739 3094 M.
764 3040 811 3095 sta
827 3027 858 3095 di
881 3027 968 3094 buon
985 3030 1094 3095 animo
1118 3047 1149 3096 et
1167 3029 1211 3095 mi
1235 3029 1274 3095 ha
1291 3027 1390 3111 detto,
1415 3039 1446 3094 et
1470 3039 1558 3095 certo
1575 3050 1668 3094 come

296 3135 340 3199 mi
364 3156 477 3221 pareva
500 3132 630 3215 vedere,
655 3158 693 3199 011
717 3131 830 3214 corde,
862 3133 920 3200 che
943 3133 984 3199 lui
1010 3157 1077 3200 non
1101 3136 1258 3201 mancaria
1282 3135 1344 3200 mai
1368 3132 1399 3199 di
1424 3156 1528 3200 essere
1552 3133 1669 3200 cristia-

296 3241 429 3306 nissimo
454 3262 502 3321 re,
526 3239 590 3305 bon
615 3238 783 3306 defensore
808 3238 846 3305 de
870 3239 898 3305 la
920 3237 1006 3321 fede,
1032 3252 1063 3307 et
1086 3239 1158 3323 che,
1187 3241 1213 3306 si
1236 3252 1323 3307 totus
1346 3237 1484 3305 mundus
1509 3236 1669 3319 deficeret,

298 3370 369 3414 esso
398 3348 460 3413 mai
489 3369 556 3413 non
584 3347 741 3413 mancaria
769 3344 819 3413 del
843 3344 951 3412 officio
982 3344 1013 3412 di
1042 3345 1127 3412 buon
1157 3369 1190 3413 re
1219 3346 1377 3412 cristiano.
1424 3346 1462 3412 Et
1493 3347 1525 3410 in
1556 3356 1669 3433 questo

296 3455 541 3541 ragionamento
565 3452 663 3518 entrai
692 3475 732 3518 ne
755 3450 784 3518 le
812 3474 887 3519 cose
909 3451 1089 3518 Lutherane
1119 3463 1149 3518 et
1174 3450 1203 3518 di
1233 3463 1346 3541 questo
1374 3451 1583 3538 parlament0,
1612 3448 1670 3516 che

298 3561 324 3625 si
347 3558 386 3625 ha
405 3558 511 3641 afare,
537 3577 567 3625 et
591 3558 610 3623 li
633 3557 887 3625 raccommandai
911 3557 1014 3625 molto
1037 3557 1065 3623 la
1088 3556 1197 3625 liberta
1220 3557 1437 3639 ecclesiastica,
1463 3568 1495 3624 et
1513 3567 1601 3623 certo
1626 3557 1669 3621 mi

299 3688 393 3753 parve
422 3665 525 3731 molto
553 3665 614 3731 ben
643 3663 787 3751 disposto
810 3688 828 3730 a
851 3663 912 3730 ben
940 3663 1019 3745 fare,
1048 3687 1103 3750 per
1126 3677 1245 3752 quanto
1273 3663 1302 3730 le
1334 3687 1389 3730 sue
1418 3662 1503 3730 forze
1533 3664 1559 3728 si
1587 3679 1671 3728 sten-

301 3769 453 3837 deranno.
493 3771 590 3857 Dopo
607 3788 720 3858 questo
744 3769 773 3836 le
789 3770 945 3857 presentai
968 3768 989 3834 il
1006 3768 1094 3835 detto
1111 3767 1216 3851 breve,
1240 3769 1260 3835 il
1277 3768 1367 3857 quale
1390 3767 1411 3835 li
1426 3768 1459 3834 fu
1475 3768 1671 3856 gratissim03

301 3877 332 3943 lo
356 3878 436 3945 lesse
464 3888 547 3943 tutto
572 3900 635 3943 con
658 3876 757 3942 molta
780 3876 972 3956 attentione,
1001 3887 1033 3941 et
1056 3899 1104 3957 so,
1129 3876 1187 3942 che
1209 3873 1404 3963 leggendolo
1429 3873 1478 3939 alli
1501 3875 1573 3941 suoi
1596 3895 1673 3939 con-

301 3984 417 4071 siglieri
434 3981 590 4049 dimostrb
614 3983 754 4048 sentirne
770 3980 979 4069 grandissima
998 3980 1221 4063 satisfactione,
1246 3993 1277 4047 et
1300 3982 1382 4048 inter
1399 3993 1501 4046 cetera
1524 3979 1545 4045 li
1561 3981 1672 4067 piaque

303 4087 404 4178 quella
427 4087 571 4169 clausula,
595 4112 651 4175 per
674 4087 702 4153 la
725 4087 815 4177 quale
837 4089 879 4155 N.
900 4088 1035 4174 Signore
1059 4085 1090 4153 lo
1115 4087 1248 4154 exhorta
1271 4110 1288 4153 a
1309 4098 1417 4154 trattar
1441 4085 1502 4151 ben
1526 4084 1553 4151 la
1577 4085 1672 4164 reina,

304 4193 439 4262 dicendo
464 4194 495 4261 S.
520 4194 582 4260 M.:
608 4192 705 4276 Vide,
734 4193 796 4261 Sua
818 4195 972 4261 Sanctitas
1003 4205 1109 4282 potest
1136 4195 1316 4281 praecipere
1345 4203 1376 4259 et
1399 4191 1552 4272 hortatur,
1578 4231 1618 4237 n—
1643 4201 1674 4255 et

303 4302 334 4366 in
359 4299 437 4368 fatto
465 4300 537 4390 quel
564 4299 659 4367 breve
687 4298 810 4367 addolcl
840 4299 943 4366 molto
973 4299 1103 4366 l'animo
1131 4322 1202 4380 suo,
1232 4313 1262 4365 et
1291 4300 1323 4365 io
1347 4300 1379 4364 in
1408 4316 1521 4386 questo
1550 4306 1674 4383 sumpta

412 4540 420 4568 ¹
439 4531 474 4584 Es
498 4531 531 4584 ist
554 4531 626 4584 nicht
649 4547 717 4601 ganz
740 4529 802 4595 hlar,
822 4529 930 4583 woraus
949 4529 1006 4582 sich
1028 4529 1101 4583 diese
1116 4528 1211 4581 Worte
1234 4529 1375 4593 beziehen,
1395 4526 1617 4580 wahrscheinlich
1636 4526 1674 4577 iu-

305 4602 401 4656 dessen
419 4600 467 4655 auf
482 4601 524 4655 die
543 4602 646 4667 aweite,
664 4600 743 4654 kurze
761 4599 843 4653 Stelle
862 4601 888 4653 in
908 4598 1116 4653 Geheimschrift
1135 4601 1161 4651 iu
1180 4599 1227 4652 der
1245 4598 1388 4670 Depesche
1408 4596 1592 4668 Campeggios
1612 4613 1675 4649 vom

308 4688 346 4727 12.
366 4673 420 4726 Mai
439 4675 471 4740 (s.
486 4673 556 4725 oben
569 4672 595 4726 S.
609 4674 664 4740 80),
684 4688 730 4725 wo
745 4687 798 4724 von
811 4669 985 4740 Hoffuuugen
1004 4669 1046 4723 die
1061 4670 1134 4723 Rede
1153 4671 1194 4736 ist,
1213 4668 1318 4723 welche
1337 4669 1379 4722 die
1392 4668 1547 4722 Gesandten
1565 4667 1592 4719 iu
1605 4666 1676 4719 Rom

306 4744 367 4797 dem
390 4743 481 4814 Konig
505 4743 629 4797 machten
659 4742 712 4795 und
737 4743 779 4794 die
806 4741 878 4794 ohne
901 4740 1010 4794 Zweifel
1038 4741 1086 4793 mit
1110 4741 1171 4793 dem
1195 4738 1444 4794 Prozessverfahreu
1473 4740 1500 4791 in
1524 4737 1657 4791 Beziehun

306 4814 409 4879 stehen,
428 4814 461 4867 da
474 4814 603 4867 Gardiner
622 4812 707 4866 sofort
726 4830 771 4865 zur
783 4811 955 4882 Mitwirhung
974 4828 1007 4863 an
1025 4810 1087 4864 dem
1106 4810 1234 4864 letzteren
1253 4809 1461 4881 zuruclrgerufen
1475 4807 1556 4862 ward.
1584 4753 1677 4878 Vergl.

307 4885 379 4966 auch·
393 4884 439 4937 das
453 4884 597 4938 Schreiben
615 4900 679 4936 vom
698 4897 722 4948 4.
733 4883 804 5006 guni,
824 4882 894 4935 oben
913 4882 938 4934 S.
953 4898 994 4953 99.
1026 4871 1100 4936 llber
1118 4881 1170 4934 deu
1189 4881 1364 4951 angeblichen
1382 4880 1529 4949 Ratschlag
1547 4895 1593 4931 aus
1606 4878 1677 4932 Rom

307 4972 328 5010 s.
347 4954 445 5009 Histor.
465 4954 553 5025 Jahrb.
576 4954 650 5024 1892,
670 4954 695 5007 S.
716 4967 733 5018 4
751 4967 776 5018 4.
