3842 5592
271 347 332 410 108
1485 353 1545 424 Juni
1566 367 1641 424 1529.

268 518 425 609 Imperiali
441 517 481 587 de
497 517 524 586 la
540 520 738 601 avocatione,
762 517 783 585 li
807 518 914 585 hanno
931 515 1009 584 fatto
1026 534 1149 583 entrare
1165 537 1228 582 con
1250 512 1353 581 molto
1373 515 1519 603 maggior
1535 510 1641 580 studio

268 651 286 693 a
308 626 415 694 volere
432 649 494 693 con
518 638 597 694 tutta
619 624 648 693 la
665 625 790 694 celetitb
812 622 961 715 possibile
979 621 1044 689 fare
1067 621 1087 688 il
1102 644 1255 710 processo
1279 643 1335 708 per
1351 619 1488 688 haverne
1511 619 1540 687 la
1554 642 1642 687 reso-

269 733 406 815 lutione,
437 733 517 800 circa
541 732 562 799 il
590 733 648 800 che
673 735 717 799 mi
739 751 834 799 trovo
863 731 896 797 in
918 731 996 797 tanti
1019 725 1150 816 travagli
1173 727 1269 809 che«,
1297 751 1331 793 se
1356 727 1473 794 Vostra
1496 727 1642 815 Signoria

269 841 312 906 mi
336 837 468 906 vedesse
491 840 523 905 in
547 838 625 906 letto
650 862 712 906 con
735 836 765 906 le
788 836 929 926 podagre
953 833 1070 902 crudeli
1093 836 1124 900 in
1149 846 1229 901 sette
1251 832 1361 920 luoghi
1385 843 1417 899 et
1439 856 1501 900 con
1524 831 1642 916 febbre,

268 944 390 1012 benche
413 943 595 1013 accidentali
620 967 676 1034 per
699 945 720 1011 li
743 943 858 1026 dolori,
882 942 1052 1010 attorniato
1077 939 1116 1008 da
1139 940 1203 1006 XV
1227 937 1347 1008 dottori
1377 961 1440 1006 con
1464 938 1526 1006 due
1549 962 1642 1006 some

269 1049 308 1119 de
331 1050 400 1119 libri
423 1053 455 1118 in
479 1050 587 1119 volere
612 1049 837 1132 dimostrarmi,
861 1050 920 1117 che
942 1060 1026 1117 tutto
1050 1045 1155 1137 quello
1179 1043 1395 1127 concludono,
1419 1046 1464 1113 sia
1485 1045 1641 1133 giuridico

269 1169 302 1226 et
323 1182 390 1225 non
414 1160 440 1224 si
464 1180 558 1246 possa
582 1161 623 1225 ne
640 1156 751 1225 debbia
773 1157 819 1224 far
841 1156 1030 1237 altrimente,
1053 1177 1114 1220 son
1131 1171 1230 1235 certo,
1255 1150 1365 1219 ch’ella
1386 1152 1430 1218 mi
1453 1151 1538 1219 haria
1554 1176 1642 1219 com·

268 1265 426 1353 passione,
451 1262 710 1332 convenendomi
734 1285 849 1331 ancora
868 1263 959 1330 farmi
982 1279 1108 1350 portare
1131 1258 1157 1326 31
1182 1258 1281 1346 luogo
1306 1256 1356 1326 del
1379 1257 1490 1326 iuditio
1507 1258 1572 1324 Dio
1596 1282 1641 1339 sa,

270 1395 332 1439 con
357 1370 415 1438 che
432 1368 584 1459 dispiacer
607 1372 674 1438 mio
692 1383 724 1439 et
745 1368 888 1459 periculo
912 1368 963 1437 nel
980 1369 1181 1435 movimento
1199 1389 1216 1432 a
1239 1363 1391 1433 scendere
1408 1376 1440 1432 et
1457 1363 1642 1432 discendere

269 1477 351 1545 scale
375 1497 406 1545 et
431 1496 554 1545 entrare
578 1497 610 1545 et
632 1478 733 1545 uscire
758 1476 789 1545 di
812 1500 901 1543 nave.
948 1475 1053 1563 Prego
1073 1473 1150 1555 Dio,
1175 1472 1259 1539 ch’io
1283 1494 1350 1537 non
1374 1469 1483 1538 habbia
1506 1494 1524 1536 a
1546 1482 1644 1538 restat

270 1608 326 1673 per
348 1605 474 1672 sempre
497 1585 528 1650 in
552 1582 677 1671 Anglia.

378 1676 423 1756 »E
445 1713 534 1772 vero,
566 1689 624 1758 che
648 1688 686 1757 da
710 1689 827 1757 Vostra
850 1688 997 1776 Signoria
1019 1710 1076 1775 per
1098 1686 1151 1774 piu
1174 1708 1231 1752 sue
1254 1686 1299 1751 mi
1321 1682 1354 1752 fu
1377 1685 1495 1772 scripto
1524 1695 1642 1773 quanto

272 1795 329 1863 ella
351 1819 394 1878 sa,
419 1795 446 1862 al
470 1794 529 1863 che
551 1796 676 1884 risposi,
700 1818 794 1863 corne
818 1817 887 1862 essa
909 1792 980 1861 vide
1003 1815 1059 1881 per
1082 1790 1110 1859 le
1134 1793 1198 1859 mie
1222 1790 1342 1873 lettere,
1367 1803 1398 1858 et
1420 1791 1445 1857 si
1466 1793 1483 1856 ὲ
1506 1791 1643 1877 seguit0,

271 1914 390 1992 quanto
414 1904 463 1969 sin
487 1904 539 1992 qui
564 1901 620 1970 ella
644 1901 683 1969 ha
705 1902 821 1969 inteso.
866 1901 906 1968 Et
928 1923 983 1988 per
1006 1912 1119 1988 questo
1143 1897 1175 1966 fu
1199 1896 1349 1966 mandato
1372 1897 1393 1964 il
1417 1898 1594 1985 Campano,
1623 1895 1644 1963 il

271 2007 361 2097 quale
385 2005 463 2074 ultra
486 2008 543 2075 alia
566 2019 685 2097 quanto
710 2031 727 2074 a
750 2018 863 2096 questo
886 2006 1054 2094 proposito
1077 2006 1122 2071 mi
1139 2003 1221 2071 disse
1244 2003 1306 2071 due
1330 2027 1421 2071 cose:
1445 2002 1529 2069 l’una
1552 2001 1585 2069 fu
1604 2002 1643 2070 de

271 2112 299 2179 la
323 2112 489 2196 decretale,
513 2112 544 2181 di
561 2115 619 2181 che
641 2118 658 2181 6
682 2115 818 2202 seguit0,
842 2123 961 2202 quanto
977 2111 1095 2178 Vosrra
1111 2111 1258 2197 Signoria
1281 2108 1319 2177 da
1343 2108 1385 2177 lui
1408 2109 1482 2177 hara
1504 2110 1643 2191 inteso¹;

271 2218 368 2286 l'altra
391 2218 439 2302 fu,
464 2221 522 2288 che
546 2222 626 2288 circa
654 2219 682 2287 13
706 2219 915 2309 suspensione
939 2216 970 2285 di
994 2241 1061 2285 nou
1084 2215 1258 2305 procedere
1282 2214 1310 2282 31
1340 2213 1459 2283 iudicio
1483 2216 1550 2283 sive
1574 2238 1644 2282 sen·

271 2326 370 2393 tentia
390 2326 433 2394 N.
457 2326 594 2414 Signore
624 2327 649 2393 si
679 2337 884 2408 contentava,
915 2324 999 2393 ch'io
1023 2320 1204 2412 procedessi
1228 2334 1260 2390 et
1289 2323 1314 2389 si
1343 2321 1466 2405 finisse,
1496 2319 1643 2389 andando

272 2433 349 2522 perd
372 2456 498 2521 sempre
520 2434 714 2501 intratenuto
737 2450 768 2499 et
791 2430 958 2500 mettendo
981 2442 1092 2519 tempo
1116 2431 1148 2496 in
1173 2452 1294 2511 mezzo,
1318 2440 1350 2496 et
1372 2428 1441 2511 che,
1465 2452 1499 2495 se
1522 2426 1550 2495 la
1573 2443 1662 2495 sen·'

272 2540 370 2606 tentia
392 2540 505 2607 veniva
529 2559 638 2608 contra
662 2538 691 2606 31
712 2562 762 2622 re,
791 2540 823 2606 io
846 2535 1115 2627 gagliardamente
1140 2547 1172 2603 et
1195 2532 1352 2623 intrepide
1380 2533 1409 2601 la
1431 2534 1528 2618 dessi;
1560 2558 1593 2601 se
1617 2532 1645 2600 13

273 2646 385 2714 veniva
407 2668 463 2733 per
486 2644 507 2712 il
530 2669 578 2727 re,
609 2646 668 2714 che
692 2646 724 2713 io
747 2643 923 2733 guardassi,
952 2642 1061 2711 ch'ella
1084 2643 1128 2709 sia
1151 2641 1212 2709 ben
1236 2639 1400 2708 iustificata
1427 2651 1459 2708 et
1480 2641 1575 2723 iusta;
1604 2644 1644 2707 n'e

273 2752 317 2817 mi
339 2750 483 2833 ricordo,
513 2751 571 2819 che
600 2751 643 2819 lui
667 2753 711 2818 mi
735 2749 855 2819 dicesse
883 2749 962 2817 altro
986 2752 1016 2816 in
1041 2760 1151 2838 questa
1180 2748 1311 2815 materia
1334 2751 1375 2814 ne
1399 2745 1496 2815 credo
1521 2746 1579 2814 che
1602 2745 1644 2814 ini

274 2856 341 2924 dica
372 2857 559 2925 altrimente.
606 2858 734 2939 Questo
766 2859 809 2925 ho
839 2855 951 2924 voluto
974 2855 1040 2923 dire
1069 2855 1227 2922 aVostra
1250 2853 1411 2941 Signoria,
1440 2852 1555 2940 perche
1578 2850 1645 2919 Fel-

273 2975 379 3030 trense
402 2965 446 3030 mi
469 2965 580 3046 scrive,
610 2963 669 3031 che
692 2965 733 3032 N.
758 2964 894 3051 Signore
916 2963 959 3052 gli
983 2961 1052 3029 dice
1076 2961 1216 3028 havermi
1240 2957 1391 3027 mandato
1415 2983 1432 3026 3
1456 2957 1522 3027 dire
1546 2960 1644 3048 peril

274 3070 452 3158 Campano
475 3070 533 3137 che
558 3093 613 3158 per
637 3072 744 3137 niente
767 3071 800 3137 io
823 3093 891 3136 non
915 3070 998 3136 dessi
1021 3068 1176 3135 sententia
1200 3068 1300 3155 prima
1319 3066 1377 3133 che
1400 3064 1484 3133 fusse
1508 3065 1646 3134 resoluta

273 3173 301 3241 13
324 3176 440 3264 pratica
464 3173 502 3243 de
525 3175 554 3242 la
576 3198 664 3265 pace,
693 3187 724 3244 et
747 3175 805 3243 che
828 3173 977 3243 veneudo
1002 3173 1022 3240 il
1045 3193 1155 3262 tempo
1180 3171 1220 3240 de
1243 3171 1271 3239 13
1294 3173 1450 3239 sententia
1476 3173 1509 3239 io
1533 3171 1645 3240 dicessi

273 3293 489 3370 apertamente
513 3281 540 3348 al
564 3306 608 3365 re,
632 3282 716 3350 ch'io
740 3305 807 3349 non
830 3280 860 3348 la
880 3292 997 3369 poteva
1021 3278 1110 3361 dare,
1134 3301 1259 3347 senon
1283 3290 1393 3346 contra
1416 3276 1448 3345 di
1470 3278 1528 3361 lui,
1559 3280 1645 3346 etin

274 3400 386 3477 questo
410 3386 511 3455 modo
535 3389 707 3456 sostenessi
731 3387 760 3455 la
783 3411 867 3457 cosa.
913 3388 949 3454 Ιο
975 3410 1032 3476 per
1053 3409 1106 3454 me
1129 3408 1196 3452 non
1221 3386 1265 3451 mi
1294 3383 1422 3451 ricordo
1446 3383 1527 3451 che’i
1551 3385 1646 3453 Cam-

273 3516 359 3582 pano
390 3495 434 3561 mi
458 3493 568 3561 habbia
592 3491 680 3562 detto
704 3492 746 3561 tal
768 3493 890 3582 parole,
921 3517 974 3560 ma
1001 3492 1072 3560 solo
1096 3503 1215 3581 quanto
1239 3491 1283 3559 ho
1307 3488 1396 3558 detto
1420 3490 1452 3556 di
1474 3514 1582 3579 sopra,
1615 3502 1646 3558 et

274 3599 417 3688 supplico
441 3624 458 3666 a
480 3602 522 3668 N.
545 3601 682 3689 Signore
706 3612 737 3668 et
760 3625 777 3667 a
801 3603 919 3668 Vostra
941 3601 1099 3689 Signoria,
1122 3597 1181 3665 che
1203 3597 1354 3685 vogliano
1379 3595 1589 3679 considerare,
1612 3621 1646 3664 se

276 3707 307 3772 io
335 3728 429 3794 possa
456 3729 512 3795 per
539 3719 649 3796 questa
678 3708 728 3774 via
751 3725 914 3774 sostenere
939 3719 1052 3796 questo
1074 3728 1163 3793 peso,
1211 3701 1352 3785 Quando
1381 3703 1413 3769 io
1442 3706 1645 3771 connoscerb

275 3810 447 3878 realmente
471 3811 553 3879 che'l
574 3834 609 3879 re
632 3810 724 3879 babbi
747 3824 849 3896 torto,
878 3813 910 3879 io
934 3830 1017 3879 sono
1041 3834 1097 3899 per
1119 3808 1165 3876 far
1187 3808 1216 3875 la
1238 3810 1395 3876 sententia
1418 3821 1528 3875 contra
1550 3808 1581 3877 di
1604 3808 1646 3876 tui

275 3913 445 4002 intrepide,
474 3918 569 3982 eriam
593 3917 651 3984 che
675 3915 786 3984 eadem
810 3918 888 3985 hora
911 3919 944 3983 io
971 3915 1047 3983 fussi
1071 3933 1159 3982 certo
1184 3913 1325 3983 doverne
1354 3938 1439 3983 esser
1462 3934 1585 3998 morto,
1616 3927 1647 3982 et

275 4042 342 4086 non
366 4044 406 4088 ne
430 4019 578 4089 dubitate.
624 4022 677 4090 Ma
700 4023 759 4091 che
782 4023 844 4090 Sua
867 4023 988 4091 Santita
1008 4022 1034 4089 si
1057 4020 1220 4110 persuade,
1249 4043 1342 4088 come
1366 4021 1405 4088 ha
1428 4019 1516 4089 detto
1540 4020 1647 4088 31311-

275 4138 391 4208 trense,
416 4126 474 4194 che
497 4150 565 4195 non
589 4152 681 4217 possa
705 4152 809 4197 essere
833 4129 1011 4196 altrimente
1031 4140 1062 4196 et
1086 4128 1144 4195 che
1167 4129 1247 4195 seria
1270 4129 1359 4195 ruina
1383 4146 1453 4211 etc,
1477 4129 1510 4195 iu
1533 4138 1646 4216 questo

277 4254 339 4299 con
363 4231 467 4300 debita
489 4236 665 4303 reverentia
687 4237 731 4303 mi
754 4258 845 4324 pare,
870 4234 928 4301 che
950 4235 992 4303 N.
1017 4233 1153 4323 Signore
1176 4234 1260 4302 forse
1283 4235 1309 4301 si
1333 4235 1479 4321 inganni,
1509 4235 1646 4301 maxime

276 4336 438 4406 facendosi
460 4341 514 4429 qni
537 4339 558 4406 il
580 4341 726 4410 iudicio«

384 4445 448 4513 »La
476 4469 567 4514 causa
589 4460 636 4515 sta
663 4449 695 4514 in
719 4459 832 4537 questo
861 4447 1010 4514 termine:
1040 4444 1090 4513 alli
1117 4443 1285 4529 diciaotto,
1315 4445 1373 4513 che
1403 4444 1436 4512 fn
1459 4444 1479 4510 il
1509 4443 1540 4513 di
1569 4444 1648 4513 delia

278 4550 441 4631 citatione,
471 4575 636 4640 compasse
667 4553 695 4620 13
723 4555 809 4620 reina
836 4552 1108 4641 personaimente,
1138 4553 1326 4641 interposuit
1348 4550 1593 4640 appellationem
1616 4553 1648 4618 in

278 4707 379 4762 ziehen.
410 4709 478 4779 Jetzt
497 4709 627 4765 fdrchtete
646 4728 708 4765 man
727 4710 851 4777 naimlich,
871 4710 918 4764 der
930 4712 966 4764 Pa
987 4720 1010 4764 st
1028 4710 1115 4765 diuite
1134 4711 1182 4764 mit
1200 4710 1247 4764 der
1259 4710 1344 4763 Sache
1364 4710 1442 4764 Ernst
1461 4710 1574 4763 macheu
1594 4709 1647 4763 und

278 4778 345 4859 auch
370 4778 441 4832 ohne
465 4780 507 4833 die
530 4798 585 4835 von
607 4782 663 4834 ihm
687 4782 857 4853 gesorderten
883 4729 1015 4835 Kauteien
1038 4780 1080 4834 die
1098 4781 1223 4835 Mandate
1246 4780 1292 4834 der
1316 4780 1410 4835 beiden
1434 4780 1575 4834 Kardinale
1601 4798 1647 4834 an·

279 4846 414 4901 nulheren.
453 4850 503 4903 Die
522 4850 678 4923 Auildsung
697 4853 739 4909 bei
759 4852 867 4906 Brewer
886 4853 958 4922 giebt
978 4852 1073 4906 keinen
1092 4852 1165 4906 Sinn.

385 4924 395 4954 ¹
412 4918 445 4971 D
465 4918 490 4972 h.
510 4919 632 5044 Campeg
655 4922 680 4976 'o
704 4924 750 4977 hat
775 4923 817 4977 die
836 4923 1032 4977 Dekretalbulle
1051 4923 1207 4977 vernichtet.
1237 4921 1328 4993 Vergl.
1356 4922 1407 4975 Die
1425 4921 1573 4992 papstliche
1592 4922 1647 4976 De-

279 4986 471 5052 kretale,H1st.
490 4988 578 5058 Jahrb.
601 5008 610 5044 1
652 4993 667 5045 8
687 4993 713 5048 S.
736 4995 766 5063 38
786 4992 804 5048 f.
823 5007 865 5062 45.
