3820 5582
250 386 316 453 1528
336 383 464 439 Oktober.
1577 364 1617 427 57

350 544 397 627 Ιο,
426 545 537 632 signor
559 545 638 626 mi0,
666 566 722 632 per
745 542 818 632 quel
845 543 904 610 che
928 542 975 608 sin
1005 543 1058 631 qui
1083 563 1260 628 cognosco,
1289 561 1355 605 non
1378 561 1439 606 son
1469 537 1565 606 »fuor
1587 536 1619 605 di

247 671 433 736 speranza«,
462 650 520 717 che
544 669 654 739 questa
677 651 726 716 via
757 672 876 737 »possa
898 648 1042 729 riuscire,
1071 670 1123 713 ma
1147 645 1175 712 11
1198 644 1281 713 vedo
1311 643 1414 711 molto
1438 642 1564 711 difficile
1588 655 1620 711 et

247 755 298 842 piu
322 754 382 822 che
405 754 529 822 dubia«.
575 756 688 822 Benvi
712 754 800 837 direi,
824 753 881 821 s'el
903 752 987 820 fusse
1010 752 1159 841 possibile
1174 749 1345 840 persuadet
1368 762 1477 840 questa
1492 752 1542 817 via
1557 749 1618 816 1110

247 861 441 949 Imperatore
464 881 495 929 et
518 861 573 944 far,
598 861 656 929 che
682 862 738 929 18.
762 862 807 928 M.
832 859 860 927 le
885 861 1061 927 scrivessea
1088 882 1108 926 o
1132 859 1185 947 piri
1208 869 1316 946 presto
1342 855 1533 924 »mandasse
1557 879 1620 922 una

247 990 326 1034 voce
345 969 434 1035 viva«
461 991 479 1033 a
501 966 709 1055 persuaderla,
741 967 857 1055 perche
881 964 982 1032 sendo
1005 967 1056 1053 gia
1079 987 1189 1052 presso
1213 963 1262 1030 alli
1287 964 1471 1052 cinquanta¹
1496 973 1528 1029 et
1551 985 1618 1028 non

246 1071 409 1160 perdendo
430 1074 463 1140 in
480 1096 554 1141 cosa
577 1073 697 1155 alcuna,
720 1072 863 1140 secondo
888 1072 947 1139 che
964 1075 981 1138 ὲ
998 1070 1098 1153 detto,
1122 1082 1153 1138 et
1176 1068 1384 1158 seguendone
1412 1079 1502 1136 tanto
1526 1066 1618 1149 bene,

211 1238 215 1245 .
246 1201 313 1245 11011
336 1178 420 1246 vedo
444 1180 559 1268 perche
576 1179 607 1246 S.
624 1180 669 1246 M.
694 1203 760 1246 non
785 1179 813 1246 ci
836 1180 862 1245 si
885 1190 1013 1266 potesse
1036 1176 1163 1244 indurre
1188 1188 1219 1244 et
1242 1198 1298 1264 per
1313 1186 1426 1264 questo
1443 1172 1618 1241 universale

246 1308 313 1351 non
336 1287 361 1352 si
385 1285 460 1374 pigli
488 1305 598 1375 questa
619 1287 669 1353 via
693 1308 787 1353 come
816 1307 914 1351 meno
938 1282 1121 1352 scandalosa
1149 1301 1180 1350 et
1204 1284 1257 1370 piu
1280 1282 1389 1349 sicura.
1435 1281 1473 1348 Et
1501 1280 1618 1368 perche

245 1390 267 1457 il
282 1393 377 1460 Rmo
404 1390 575 1460 »Roffense
600 1404 648 1460 est
672 1414 729 1479 Pro
754 1392 862 1478 regina
886 1402 918 1458 et
941 1388 1049 1471 crede,
1074 1389 1132 1457 che
1155 1388 1187 1455 lo
1204 1387 1354 1476 deputeri
1378 1409 1433 1475 per
1456 1409 1521 1454 uno
1546 1385 1618 1453 delli

245 1497 315 1564 suoi
339 1497 520 1584 consiglieri
544 1495 573 1564 di
597 1496 729 1564 volunta
752 1495 802 1564 dei
825 1519 891 1578 re«,
920 1495 969 1563 alli
992 1497 1089 1562 XXV
1112 1518 1195 1561 sono
1219 1505 1302 1561 stato
1327 1516 1389 1560 con
1412 1492 1455 1559 lui
1478 1516 1496 1559 a
1518 1491 1618 1580 lungo

246 1622 276 1670 et
300 1627 362 1671 con
387 1602 486 1671 moite
517 1605 641 1691 ragioni
664 1603 706 1691 gli
731 1603 774 1670 ho
798 1625 949 1691 persuaso
973 1613 1082 1692 questa
1104 1603 1169 1679 via,
1200 1619 1231 1668 et
1254 1601 1298 1666 mi
1324 1602 1341 1666 e
1364 1622 1468 1687 parm,
1492 1598 1551 1666 che
1573 1600 1618 1665 sia

245 1711 358 1797 partito
383 1709 422 1777 da
445 1733 497 1777 me
514 1720 669 1777 contento
694 1722 725 1778 et
748 1709 829 1777 bene
846 1707 1003 1777 edificato.
1050 1708 1113 1775 Dio
1138 1707 1210 1774 lasci
1228 1728 1334 1773 correr
1358 1704 1474 1794 quello,
1499 1704 1557 1771 che
1574 1706 1619 1771 sia

246 1838 301 1902 per
324 1814 343 1881 il
368 1815 497 1904 meglio.

350 1922 486 1991 Ritorno
510 1924 527 1989 a
550 1920 627 2005 dire,
652 1920 710 1990 che
735 1932 864 2011 »questa
887 1944 961 1989 cosa
985 1919 1024 1988 da
1045 1931 1175 1987 costoro
1199 1920 1224 1986 si
1247 1917 1356 1985 brama
1379 1940 1441 1985 con
1466 1917 1543 2005 ogni
1568 1939 1618 1983 ce·

245 2026 342 2111 lerita,
366 2029 444 2115 pero
469 2031 486 2095 ὲ
510 2029 699 2109 necessario,
729 2028 787 2095 che
811 2028 873 2095 Sua
897 2027 1016 2095 81111111
1039 2028 1065 2092 si
1092 2025 1207 2093 risolva
1231 2038 1262 2092 et
1285 2025 1329 2091 mi
1354 2026 1453 2092 scriva
1475 2021 1618 2091 risoluta·

244 2146 363 2215 mente,
388 2154 506 2223 quanto
523 2134 566 2202 ho
582 2158 599 2201 a
615 2133 689 2216 fare,
714 2146 746 2202 et
760 2132 923 2216 taimente‚
947 2133 1031 2201 ch’io
1048 2156 1143 2221 possa
1166 2130 1347 2213 mostrarlo‚
1371 2143 1403 2199 et
1418 2153 1485 2198 nou
1509 2128 1618 2196 lasciar

245 2262 338 2328 sopra
365 2239 394 2307 le
417 2240 513 2329 spalle
541 2242 604 2308 mie
629 2264 703 2309 cosa
732 2239 878 2322 alcuna«,
907 2239 1023 2328 perche
1047 2262 1114 2306 non
1143 2261 1240 2327 posso
1264 2235 1497 2305 ritrovandomi
1529 2235 1617 2324 aqui,

246 2344 441 2413 defendermi
465 2345 544 2414 111111
570 2347 718 2415 instantia
742 2346 800 2414 che
824 2345 933 2428 fanno,
962 2357 994 2413 et
1017 2347 1155 2412 maxime
1182 2343 1298 2433 perche
1321 2367 1338 2410 a
1361 2341 1473 2410 Natale
1501 2341 1574 2409 tutti
1596 2338 1618 2406 li

246 2450 356 2518 baroni
385 2471 415 2519 et
439 2452 546 2541 prelati
575 2452 626 2520 del
653 2476 754 2540 regno
779 2451 905 2519 deveno
929 2474 1015 2519 esser
1043 2452 1096 2540 qui
1124 2474 1180 2539 per
1203 2461 1312 2540 questa
1341 2448 1559 2537 expeditione,
1587 2458 1619 2514 et

246 2569 358 2646 questo
375 2560 575 2627 movimento
600 2582 667 2626 non
691 2560 756 2647 pub
773 2569 835 2625 star
858 2581 992 2646 sospeso
1016 2581 1110 2624 senza
1132 2555 1304 2645 periculo«.
1351 2555 1433 2621 Pero
1453 2553 1484 2621 di
1508 2575 1617 2620 nuovo

247 2662 456 2733 humiimeute
478 2664 632 2753 supplic0,
658 2664 717 2732 che
744 2663 915 2732 »taimente
938 2665 981 2730 mi
1006 2664 1050 2730 sia
1073 2665 1183 2730 scritto
1208 2661 1291 2730 ch'io
1316 2684 1409 2749 possa
1434 2661 1617 2748 respirare«.

246 2768 284 2836 Et
305 2770 441 2858 pensino
458 2772 498 2837 V.
516 2771 662 2859 Signorie
681 2770 713 2837 lo
729 2782 811 2838 stato
829 2772 907 2853 min,
932 2769 990 2836 che
1006 2768 1086 2837 oltre
1110 2767 1167 2836 1111
1182 2766 1427 2855 indispositioue
1450 2764 1501 2833 del
1518 2788 1617 2853 corpo

246 2877 291 2941 mi
312 2887 407 2944 trovo
431 2877 463 2942 in
486 2874 608 2944 infinita
634 2875 841 2945 fluctuatione
870 2875 921 2944 del
944 2877 1063 2958 animo,
1093 2886 1124 2942 et
1146 2875 1211 2941 Dio
1235 2872 1356 2961 voglia,
1385 2871 1444 2939 che
1467 2895 1485 2938 1
1508 2881 1618 2960 questa

247 2981 325 3048 hora
347 3005 414 3049 non
437 2985 512 3050 resti
535 2984 688 3071 storpiato
709 2981 785 3050 d'un
808 2982 991 3071 ginocchio,
1015 2980 1067 3048 nel
1094 2979 1183 3070 quale
1208 2980 1251 3047 ho
1274 2981 1325 3068 gia
1340 2978 1405 3045 XX
1428 2978 1533 3066 giorni
1556 3000 1619 3044 una

246 3110 388 3174 gomma,
413 3088 471 3155 che
495 3111 562 3156 non
586 3090 630 3154 mi
654 3088 732 3156 lassa
755 3086 960 3171 distenderio,
985 3111 1047 3155 con
1070 3085 1283 3175 grandissimo
1307 3082 1430 3152 dolore.

351 3194 402 3261 Ne
426 3194 447 3261 li
469 3196 701 3281 ragionamenti
725 3195 776 3262 col
799 3195 894 3263 an.
918 3193 1117 3261 Eboracense
1141 3194 1221 3261 circa
1248 3191 1275 3258 11
1299 3214 1376 3279 pace
1400 3189 1618 3257 ultimamente

248 3299 332 3366 m'ha
355 3298 444 3367 detto
469 3300 582 3368 havere
606 3299 716 3368 lettere
739 3300 861 3368 fresche
885 3302 956 3367 cioe
980 3298 1019 3367 de
1042 3301 1072 3365 V
1097 3297 1148 3367 del
1170 3309 1317 3388 presente
1340 3295 1379 3364 de
1402 3297 1563 3385 Hispagna
1588 3307 1619 3361 et

248 3404 327 3472 ch'el
343 3406 533 3475 Reverendo
557 3408 693 3494 Pistoja²
716 3430 767 3474 era
790 3408 946 3473 1110111110
969 3407 1002 3473 in
1025 3406 1141 3473 Franza
1167 3404 1195 3471 al
1219 3403 1466 3472 Cristianissimo
1492 3424 1554 3468 con
1577 3399 1620 3467 al·

248 3534 328 3578 cune
351 3510 579 3594 dichiarationi,
603 3523 634 3580 et
658 3513 716 3581 che
740 3514 834 3581 Rmo.
859 3524 970 3580 nostro
995 3511 1151 3579 Generale
1176 3514 1192 3577 1
1216 3511 1330 3599 partito
1354 3531 1411 3597 per
1432 3507 1518 3576 Italia
1542 3506 1616 3573 aN.

248 3616 392 3703 Signore,
418 3629 449 3686 et
472 3617 530 3686 che
554 3618 582 3687 le
600 3642 674 3686 cose
699 3617 776 3686 della
792 3642 870 3707 pace
894 3641 990 3684 erano
1014 3620 1046 3683 in
1063 3618 1179 3685 ottimo
1196 3618 1342 3698 termine,
1367 3626 1399 3682 et
1414 3632 1619 3703 quantunque

248 3723 347 3805 stimi,
376 3723 434 3790 che
462 3725 503 3791 N.
529 3724 664 3812 Signore
693 3724 784 3792 habbi
813 3725 851 3792 da
880 3724 994 3792 diversi
1024 3722 1134 3811 iuoghi
1162 3723 1238 3789 avisi
1267 3721 1318 3789 del
1344 3731 1439 3802 tutt0,
1469 3718 1538 3786 diro
1561 3741 1620 3806 pur

248 3840 366 3918 quanto
391 3831 434 3895 mi
458 3829 597 3898 discorre
621 3842 733 3919 questo
759 3832 852 3898 Rmo,

352 3935 558 4024 Presuppone
586 3937 644 4003 che
669 3937 786 4004 Cesare
814 3955 846 4003 et
869 3935 1119 4004 Cristiauissimo
1150 3957 1233 4001 sono
1261 3932 1415 4002 concordi
1443 3931 1513 3999 nele
1543 3954 1619 3997 con-

250 4039 367 4108 dicioni
389 4040 458 4109 dela
481 4065 573 4130 pace,
602 4066 654 4109 ma
677 4041 736 4110 che
759 4066 827 4109 non
852 4045 869 4109 e
891 4044 1017 4130 seguito
1041 4064 1097 4130 per
1119 4064 1187 4108 non
1211 4042 1236 4107 si
1260 4063 1345 4107 esser
1368 4050 1494 4106 trovato
1518 4035 1619 4104 modo

249 4144 365 4214 allhora
393 4146 432 4214 de
455 4147 483 4214 la
511 4149 699 4216 executione
727 4171 783 4236 per
811 4151 938 4236 segurtt
965 4147 1005 4216 de
1028 4171 1090 4215 uua
1117 4158 1204 4235 parte
1234 4165 1265 4214 et
1293 4145 1333 4214 de
1361 4144 1472 4227 l’altra‚
1501 4155 1533 4212 et
1560 4143 1619 4211 che

252 4251 418 4321 »l’oratore
434 4253 607 4321 Fraucese«
633 4253 666 4321 fu
689 4273 806 4343 troppo
830 4254 966 4322 sollicito
990 4253 1050 4322 1110
1078 4253 1223 4321 »intimas
1247 4252 1286 4320 de
1304 4250 1333 4319 la
1355 4272 1500 4340 guerra«,
1523 4249 1545 4316 il
1561 4249 1619 4316 che

250 4380 409 4444 processe,
432 4358 549 4447 perche
573 4358 661 4427 volse
686 4360 872 4427 »inimicare
895 4373 1004 4449 questa
1026 4361 1148 4427 Maesti
1170 4383 1233 4426 con
1256 4358 1288 4426 10
1312 4358 1544 4447 Imperatore«,
1568 4378 1619 4421 ma

251 4585 305 4639 [ὼ
356 4480 581 4641 1p1e'xonigin
605 4518 749 4572 Katharina
771 4537 828 4572 war
853 4520 920 4584 1486
945 4521 1077 4590 geboren,
1105 4518 1181 4572 stand
1206 4517 1274 4572 also
1289 4515 1390 4571 damals
1416 4517 1443 4569 in
1468 4516 1553 4569 ihrem
1575 4528 1619 4583 43.

307 4603 379 4658 erispa
400 4604 436 4642 re.
898 4609 902 4615 ·

356 4657 498 4712 ¹Bischof
512 4659 644 4712 Antonius
663 4659 742 4713 Pucci
760 4677 815 4713 von
833 4660 932 4784 Pistopp
950 4659 1043 4715 wurde
1062 4662 1097 4713 im
1117 4659 1231 4712 Februar
1249 4659 1314 4726 1528
1333 4675 1386 4711 von
1402 4656 1488 4711 Clem.
1503 4656 1562 4711 VII.
1581 4656 1620 4709 als

251 4726 363 4782 Nuntius
382 4746 427 4782 zur
439 4728 739 4801 Friedensvermittlung
757 4731 891 4785 zwischen
931 4749 992 4785 ranz
1006 4731 1026 4785 l.
1045 4730 1099 4784 und
1117 4730 1179 4784 dem
1192 4730 1286 4783 Kaiser
1303 4729 1372 4783 nach
1391 4727 1549 4783 Frankreich
1568 4727 1621 4781 und

251 4798 365 4869 Spanien
405 4800 534 4866 eschickt,
559 4799 683 4853 aberam
702 4800 901 4855 franzosischen
919 4801 990 4855 Hofe
1008 4802 1088 4872 lange
1107 4800 1279 4871 hingehalten
1304 4799 1357 4853 und
1374 4799 1431 4853 ihm
1450 4799 1492 4853 die
1505 4799 1620 4853 Weiter·

251 4869 319 4922 reise
341 4887 391 4923 nac
428 4870 447 4923 S
466 4871 544 4923 anien
568 4871 715 4939 verwehrt,
738 4888 769 4925 so
793 4871 849 4925 dass
873 4888 902 4925 er
923 4873 992 4926 nach
1011 4872 1104 4926 italien
1130 4869 1325 4925 zuruclrkehren
1350 4869 1403 4923 und
1426 4868 1474 4923 auf
1493 4869 1620 4924 anderem

251 4938 339 5011 Wege
358 4940 427 4994 nach
438 4888 464 4994 Sp
477 4941 555 4994 anien
574 4942 661 4995 reisen
672 4941 777 5010 musste,
796 4960 843 4996 wo
856 4960 885 4996 er
899 4952 952 4996 erst
970 4943 1007 4996 im
1019 4942 1072 5014 Juli
1088 4944 1152 5011 1528
1166 4941 1269 4995 antam.
1301 4941 1381 4996 Arch.
1393 4940 1478 4996 Vatic.
1498 4941 1524 4995 S.
1539 4949 1620 4996 unten

251 5008 298 5064 Nr.
316 5010 355 5064 lx
374 5011 420 5064 der
464 5011 661 5084 orrespondenz
680 5012 809 5068 Salviatis.
