3842 5592
306 318 347 384 36
981 395 990 409 ,
1506 322 1580 398 aper
1603 322 1676 394 1528.

305 492 511 583 reprobamus
535 514 570 560 ac
588 489 776 579 generaliter
798 490 1037 579 quibuscunque
1061 463 1339 555 constitutionibus
1363 487 1395 552 in
1416 484 1557 554 conciliis
1580 508 1678 573 gene-

305 599 429 683 ralibus,
456 596 659 689 synodalibus
687 609 739 664 aut
767 594 1009 686 provincialibus
1033 593 1135 677 editis,
1164 594 1287 661 etiamsi
1314 591 1353 661 ad
1380 593 1456 660 iuris
1479 590 1576 659 divini
1601 591 1678 658 rela-

305 709 467 775 xationem
491 706 557 773 sive
579 703 804 771 limitationem
826 702 1161 790 interpretationemve
1185 701 1344 788 pertinere
1368 699 1449 766 hanc
1470 696 1678 787 dispensatio·

305 838 380 882 nem
397 812 561 880 obiiciatur
584 829 616 877 et
638 809 790 896 allegetur
806 831 942 898 uereque
966 807 1124 896 pertinere
1148 805 1309 887 doceatur,
1333 815 1365 872 et
1381 806 1493 871 ceteris
1512 804 1677 872 contrariis

305 944 373 988 non
404 917 599 987 obstantibus
630 914 878 1005 quibuscunque.
924 914 1246 981 Excommunicamus
1274 930 1380 979 autem
1404 923 1435 978 et
1458 910 1678 978 excommuni-

305 1038 392 1095 catos
416 1024 644 1092 denunciamus
673 1044 787 1089 omnes
817 1019 887 1087 illos
910 1031 942 1087 et
964 1017 1108 1107 singulos
1136 1019 1349 1107 cuiuscunque
1374 1015 1567 1084 conditionis
1589 1039 1678 1104 prae-

306 1132 496 1200 eminentiae
520 1141 573 1198 aut
596 1127 755 1216 dignitatis
779 1127 923 1209 existant,
947 1127 1127 1216 quicunque
1149 1122 1268 1192 directe
1291 1143 1344 1191 aut
1366 1122 1530 1207 indirecte,
1554 1134 1677 1191 secrete

305 1251 358 1306 aut
380 1249 486 1327 aperte
510 1235 751 1303 matrimonium
774 1245 885 1322 perte
908 1230 1163 1300 contrahendum
1189 1230 1354 1320 prolemve
1378 1228 1557 1297 ex'eodem
1581 1231 1678 1297 susci-

305 1343 453 1434 piendam
481 1343 596 1431 apertis
622 1340 800 1433 obliquisve
828 1338 941 1407 mediis
970 1349 1081 1406 contra
1108 1356 1308 1426 praesentem
1336 1336 1436 1403 nostri
1466 1335 1584 1404 decreti
1611 1337 1677 1404 sive

306 1449 549 1538 dispensationis
575 1449 724 1536 paginam
751 1447 919 1535 impetere,
948 1446 1150 1533 impugnare,
1178 1441 1358 1511 convellere
1386 1453 1439 1509 aut
1462 1441 1677 1510 contradicere

304 1556 573 1645 praesumpserint
595 1550 875 1641 impetentibusve,
899 1549 1157 1640 impugnantibus
1179 1562 1232 1617 aut
1255 1547 1542 1617 contradicentibus
1568 1546 1678 1630 verb0,

305 1662 439 1732 consilio
462 1680 516 1729 aut
543 1659 651 1728 favore
674 1659 896 1727 consenserint
923 1670 976 1725 aut
998 1657 1189 1725 assenserint
1217 1654 1384 1722 illorumve
1407 1653 1677 1721 machinationem

305 1782 357 1838 aut
387 1768 542 1836 molimen
571 1786 637 1834 tam
660 1768 861 1833 temerarium
887 1777 918 1831 et
941 1761 1162 1831 detestandum
1192 1784 1250 1849 pro
1273 1760 1354 1828 virili
1375 1783 1443 1827 non
1466 1760 1677 1848 impedierint,

305 1899 416 1945 ausum
440 1873 576 1963 denique
599 1884 631 1941 et
646 1884 797 1940 conatum
820 1890 886 1937 ram
910 1869 1064 1939 nefarium
1087 1867 1193 1936 modis
1217 1866 1366 1934 omnibus
1388 1868 1561 1954 reprimere
1584 1879 1677 1956 atque

306 1984 489 2069 extinguere
517 1979 601 2046 bona
629 1977 692 2045 lide
716 1989 747 2045 et
771 2001 809 2044 ex
833 1979 940 2044 animo
971 1994 1141 2065 postquam
1164 1973 1204 2042 de
1228 1973 1289 2040 hoc
1318 1986 1430 2040 nostro
1454 1972 1583 2040 decreto
1612 1975 1677 2040 sive

305 2087 540 2178 dispensatione
564 2084 679 2152 fuerint
702 2084 876 2166 certiorati,
900 2106 967 2149 non
990 2080 1210 2163 laboraverint,
1237 2102 1318 2169 quos
1342 2102 1457 2145 omnes
1481 2090 1513 2146 et
1534 2078 1677 2166 singulos

305 2196 410 2263 statim
434 2193 521 2261 velut
542 2191 681 2281 praecisa
703 2189 740 2257 ab
764 2189 895 2257 ecclesia
917 2190 979 2257 Dei
1002 2187 1146 2256 membra
1173 2198 1266 2276 atque
1289 2185 1423 2268 abiecta,
1452 2184 1601 2253 ulteriore
1625 2185 1678 2254 de-

305 2301 512 2369 nuntiatione.
533 2320 600 2364 non
630 2308 791 2385 expectata
819 2294 934 2384 ubique
963 2307 994 2363 et
1017 2293 1054 2361 ab
1078 2292 1228 2361 omnibus
1250 2292 1399 2359 volumus
1428 2292 1546 2359 evitari.
1592 2291 1678 2359 Nulli

306 2430 385 2495 ergo
409 2418 467 2474 etc.
492 2416 619 2472 nostrae
647 2402 926 2491 pronuntiationis,
950 2400 1179 2482 declarationis,
1204 2397 1431 2486 derogationis,
1460 2395 1677 2480 absolutionis,

306 2512 561 2602 dispensationis,
574 2494 611 2577 et
628 2508 745 2577 decreti
769 2507 940 2595 infringere
963 2519 1023 2575 etc.
1069 2507 1102 2573 Si
1125 2507 1195 2595 quis
1218 2517 1277 2573 etc.

412 2637 530 2703 Datum
553 2635 586 2699 in
605 2632 793 2700 Urbeveteri
815 2654 900 2698 anno
922 2644 982 2699 etc.
1007 2633 1099 2715 1528.
1134 2628 1240 2696 Idibus
1261 2628 1376 2716 Aprilis
1400 2650 1485 2694 anno
1510 2629 1632 2717 quint0.

1401 2769 1435 2837 B.
1458 2769 1571 2836 Morta.

516 2934 593 2990 instr.
618 2932 694 2988 Misc.
713 2932 788 2986 Arm.
812 2932 858 2986 XI.
884 2948 955 3002 caps.
978 2946 1016 2997 10,
1042 2946 1060 2984 u
1082 2945 1103 2999 5.
1141 2927 1336 2999 Gleichzeitige
1353 2927 1449 3000 Kopie.
1487 2925 1605 2982 Pascilrel
1624 2944 1678 2982 von

412 3020 655 3093 8Papierb151tem
679 3022 705 3073 in
725 3018 1037 3091 Schreibbogenformat,
1062 3016 1159 3071 soliiert
1183 3017 1232 3070 mit
1250 3016 1303 3070 den
1323 3015 1421 3070 Zahlen
1442 3016 1677 3085 100(101)-108.

412 3110 466 3164 Am
484 3109 577 3163 Raude
600 3109 658 3162 sind
677 3109 720 3163 bei
743 3108 888 3163 besouders
907 3107 1061 3161 marlramen
1081 3105 1182 3160 Stellen
1207 3104 1319 3176 krauige
1338 3104 1611 3176 Doppelquerstriche
1628 3121 1677 3176 ge-

412 3215 500 3270 zogen
523 3197 576 3251 und
599 3198 667 3252 auch
685 3207 761 3251 sonst
783 3197 817 3250 da
836 3196 888 3250 und
906 3196 966 3250 dort
989 3197 1037 3249 mit
1059 3193 1201 3265 flirchtiger
1219 3193 1296 3247 Hand
1319 3194 1408 3264 einige
1426 3192 1541 3247 Notizen
1563 3210 1608 3246 zur
1626 3192 1677 3247 Be-

413 3287 562 3358 zeichnung
581 3286 628 3340 des
640 3286 758 3340 Inhaltes
776 3283 923 3357 beigeffigt.
954 3283 1032 3337 Nach
1050 3282 1102 3337 den
1114 3282 1229 3336 Worten
1247 3280 1371 3335 volumus
1384 3281 1475 3335 evitari
1494 3297 1538 3334 am
1552 3280 1677 3334 Schlusse

414 3375 491 3431 stand
503 3374 687 3447 urspringlich
707 3375 733 3428 iu
748 3373 887 3428 derselben
898 3371 996 3427 Schn'It
1014 3372 1114 3427 Datum
1126 3371 1238 3437 Romae,
1258 3369 1328 3423 dann
1341 3369 1404 3423 aber
1422 3367 1481 3422 sind
1498 3367 1571 3422 diese
1582 3367 1677 3422 Worte

412 3464 648 3537 durchgestrichen
666 3464 719 3518 und
732 3462 806 3517 datur
825 3464 851 3517 in
871 3478 984 3533 engerer
998 3460 1103 3528 Schrift,
1122 3460 1185 3514 aber
1197 3475 1252 3512 von
1270 3457 1410 3512 derselben
1422 3456 1501 3511 Hand
1518 3457 1605 3511 neben
1624 3456 1677 3511 und

412 3563 489 3608 unter
507 3554 569 3607 dem
588 3552 685 3607 Stuclre
703 3552 746 3606 die
764 3551 888 3606 irblichen
906 3548 1043 3604 Fonneln:
1063 3548 1128 3602 nulli
1146 3565 1212 3620 ergo
1232 3565 1256 3603 u.
1276 3565 1296 3603 s,
1316 3567 1350 3603 w.
1371 3548 1409 3600 bis
1429 3564 1489 3601 zum
1502 3547 1602 3601 Datum
1620 3547 1677 3600 ein·

411 3641 571 3696 schliesslich
589 3640 727 3713 beigetirgt
745 3639 865 3695 worden.
902 3638 979 3692 Nach
998 3637 1045 3692 der
1062 3638 1160 3708 obigen
1179 3635 1357 3691 Unterschrilt
1375 3634 1444 3706 solgt
1462 3635 1534 3689 noch
1553 3634 1599 3689 der
1608 3635 1676 3687 Ver·

412 3729 500 3783 merli:
526 3730 676 3800 Registrata
701 3731 727 3782 in
752 3745 858 3782 camera
882 3726 1039 3799 Apostolica
1064 3726 1097 3779 de
1121 3725 1210 3780 mand.
1236 3725 1263 3779 S.
1287 3725 1320 3779 D.
1343 3724 1378 3779 N.
1404 3724 1500 3795 Papae.
1535 3722 1594 3777 Aut
1615 3722 1677 3776 dem

411 3818 520 3871 Ruclren
540 3817 587 3870 des
606 3817 703 3871 letzten
723 3817 823 3871 Blattes
842 3817 890 3870 ruit
909 3815 1028 3887 gleieher
1041 3813 1150 3868 Schrist:
1170 3813 1272 3866 Minuta
1289 3811 1494 3884 dispensationis
1512 3812 1610 3866 missae
1630 3827 1677 3882 per

411 3904 551 3959 Thadeum
565 3921 709 3960 cursorem.
741 3904 796 3959 Das
809 3904 901 3958 Ganze
919 3905 953 3958 ist
965 3902 1094 3970 offenbar,
1113 3901 1155 3955 die
1173 3902 1272 3972 obigen
1285 3901 1468 3955 Randnotizen
1488 3899 1675 3970 abgerechuet,

412 3994 471 4047 eine
490 3993 573 4047 durch
591 3992 642 4046 den
662 3992 827 4065 papstlichen
847 3992 969 4046 Sekretir
987 3990 1149 4046 Beruardino
1168 3989 1254 4043 Morta
1273 3988 1452 4060 angelertigte
1470 3987 1606 4041 Abschrift
1629 3986 1676 4041 des

410 4098 464 4135 von
482 4081 609 4134 Heinrich
621 4081 692 4134 VIII.
712 4081 765 4134 und
783 4081 897 4154 Wolsey
916 4081 1083 4152 gemeInsam
1102 4078 1301 4150 abgesendeten
1319 4076 1590 4149 Dispeusentwurfes,
1610 4075 1679 4151 wel3

411 4171 480 4224 chen
502 4169 549 4223 der
571 4169 666 4224 Kurier
689 4168 832 4223 Thaddaus
857 4169 919 4224 dem
941 4169 1065 4223 Selrretir
1089 4168 1191 4238 KnIght
1216 4167 1285 4221 nach
1307 4166 1378 4220 Rom
1401 4164 1542 4236 (Orvieto)
1565 4166 1677 4236 bringeri

410 4257 489 4311 sollte
508 4256 561 4310 und
573 4256 748 4312 thatsdchlich
760 4258 829 4311 auch
847 4262 937 4328 gegen
951 4272 1063 4326 20-25.
1077 4255 1228 4310 Derember
1243 4271 1309 4325 1527
1322 4255 1365 4308 bei
1378 4252 1475 4308 dessen
1492 4262 1576 4307 erster
1589 4253 1675 4308 Ruct-

410 4346 478 4399 reise
497 4345 523 4398 in
542 4343 665 4415 Bologna
684 4345 857 4401 iiberreichte.
895 4346 986 4416 Vergl.
1007 4347 1095 4398 meine
1118 4345 1349 4416 mehrgenannten
1367 4342 1495 4397 Aufsatze
1520 4344 1558 4396 irn
1576 4342 1675 4395 Histor.

409 4433 542 4505 Jahrbuch
567 4433 612 4488 Bd
633 4451 657 4505 9,
683 4434 709 4489 S.
729 4448 787 4500 224,
808 4435 866 4489 228.
904 4434 1006 4505 KnIght
1031 4433 1088 4487 liess
1113 4433 1237 4488 indessen
1262 4433 1304 4487 die
1328 4432 1413 4486 Sache
1439 4432 1542 4504 liegen,
1562 4430 1624 4485 weil
1648 4446 1676 4483 er

410 4522 495 4575 sehon
519 4523 578 4575 eine
602 4521 700 4592 andere
719 4521 907 4594 Dispensbulle
930 4524 964 4591 (s.
984 4522 1055 4575 oben
1075 4521 1121 4576 Nr.
1143 4523 1188 4592 12)
1208 4522 1313 4575 erwirlrt
1337 4520 1390 4574 und
1408 4520 1470 4574 weil
1493 4518 1619 4573 Heinrich
1642 4536 1675 4571 an

410 4611 511 4664 diesem
530 4611 644 4664 zweiten
659 4609 797 4666 Entwurfe
816 4628 865 4664 nur
883 4629 928 4664 aur
940 4611 1105 4680 Tauschung
1117 4610 1245 4682 Wolseys
1263 4608 1426 4681 mitgewirkt
1445 4608 1526 4663 hatte.
1556 4607 1590 4662 A.
1604 4623 1627 4661 a.
1641 4604 1674 4660 O.

409 4700 434 4754 S.
455 4700 514 4754 228.
545 4698 637 4770 Vergl.
663 4699 780 4770 Knights
806 4699 950 4754 Schreiben
975 4716 1008 4752 an
1030 4698 1063 4753 H.
1082 4697 1154 4753 VIII.
1176 4715 1198 4754 1.
1216 4698 1237 4753 Ι.
1258 4698 1325 4768 1528
1350 4697 1393 4751 bei
1418 4698 1529 4762 Bumet,
1549 4694 1618 4750 Coll.
1643 4693 1674 4749 II.

409 4806 435 4843 n.
460 4788 509 4854 4b.
554 4787 615 4842 Erst
640 4786 682 4841 die
707 4786 834 4859 folgende
859 4786 1067 4841 Gesandtschaft
1090 4817 1124 4827 -
1147 4786 1278 4841 Gardiner
1302 4784 1355 4840 und
1379 4784 1436 4839 Fou
1459 4817 1492 4824 -
1517 4784 1600 4838 nahm
1624 4782 1676 4836 den

408 4874 534 4929 Entwurs
547 4875 649 4931 wieder
671 4874 719 4930 auf
739 4875 859 4948 (Strype,
882 4875 1079 4930 Ecclesiastical
1100 4875 1254 4930 memorials
1276 4874 1329 4929 vol
1353 4874 1373 4930 1.
1394 4890 1418 4941 2,
1441 4892 1466 4945 p.
1486 4871 1532 4944 67)
1554 4872 1608 4926 und
1630 4871 1677 4926 hat

410 4962 562 5033 denselben,
581 4963 651 5029 uach
669 4964 779 5036 obigem
789 4964 919 5029 Vermerlr
938 4983 969 5018 zu
989 4963 1140 5031 schliesseu,
1159 4963 1227 5029 auch
1246 4963 1441 5034 durchgesetzt,
1461 4961 1584 5029 obschon
1602 4960 1677 5014 diese
