3844 5582
1437 352 1594 424 September
1617 370 1643 421 ¹5
1650 370 1689 423 3⁰·

424 503 596 558 entschieden
620 500 732 558 unwahr
750 500 860 569 zuruclr3
888 502 1019 559 vielmehr
1041 506 1111 559 habe
1129 505 1257 561 Clemens
1276 507 1358 563 durch
1373 509 1553 582 Vermittlung
1576 512 1622 566 der
1640 530 1688 584 ge-

422 601 539 646 nannten
559 592 701 646 Kardinile
719 593 773 646 und
790 593 893 663 Jacobo
911 593 1032 647 Salviatis
1051 594 1094 647 die
1112 594 1286 649 lraiserlichen
1304 596 1460 651 Gesandten
1478 617 1509 652 zu
1528 600 1688 654 bestimmen

422 680 543 749 gesucht,
562 690 625 734 statt
643 681 690 734 der
709 680 916 752 Ruclrberufung
937 683 994 736 sich
1014 682 1061 735 mit
1079 682 1127 735 der
1145 683 1310 754 Suspension
1328 686 1375 739 der
1393 687 1479 741 Sache
1503 687 1637 741 zufrieden
1656 707 1688 742 zu

421 767 525 838 geben3
553 769 617 822 aber
641 770 802 840 vergeblich.
839 770 921 824 Ohne
947 771 998 824 den
1024 771 1104 842 Papst
1130 791 1161 825 zu
1188 772 1404 844 entschuldigen,
1432 791 1464 827 so
1491 774 1559 828 fahrt
1587 776 1687 829 Bennet

422 858 522 922 weiter,
545 857 618 911 firhle
641 875 670 912 er
693 860 749 913 sich
774 860 837 912 dem
856 859 946 929 Konig
964 860 1120 929 gegenirber
1140 861 1306 927 verbunden,
1326 863 1576 933 wahrheitsgemafs
1595 882 1626 917 zu
1646 882 1686 919 er·

421 945 518 1011 llaren,
538 946 602 1013 dass,
622 963 702 1001 wenn
721 950 746 1017 je
764 958 848 1013 sonst,
868 946 909 1001 Cl.
925 947 982 1001 Vll.
1006 949 1032 1001 in
1052 948 1139 1002 dieser
1157 949 1243 1003 Sache
1262 950 1323 1003 dem
1338 950 1491 1021 Verlangen
1516 951 1564 1005 des
1582 952 1687 1023 Konigs

420 1053 451 1087 zu
470 1036 647 1106 entsprechen
666 1036 814 1089 wunschte.
852 1035 890 1103 (ll
905 1052 969 1089 ever
993 1037 1039 1090 tbe
1058 1037 1133 1108 Pope
1152 1038 1255 1091 wished
1278 1047 1308 1091 to
1328 1038 1417 1109 please
1441 1057 1509 1111 your
1528 1040 1626 1108 Gracc,
1652 1042 1686 1094 be

419 1123 463 1176 did
481 1140 513 1176 so
532 1125 558 1176 in
577 1124 629 1177 this
648 1141 717 1178 case.
747 1124 863 1187 Brewer,
882 1124 927 1178 lV.
947 1143 972 1179 n.
987 1123 1079 1193 6074.)
1114 1126 1178 1179 Also
1193 1127 1260 1179 wird
1277 1127 1403 1180 niemand
1422 1128 1564 1182 bestreiten
1583 1129 1685 1195 dunsten,

419 1211 475 1265 dass
494 1212 541 1265 der
553 1212 633 1282 Papst
652 1213 738 1266 nichts
752 1213 913 1266 unversucht
929 1212 994 1278 liefs,
1013 1231 1059 1267 um
1074 1215 1131 1267 sein
1150 1213 1212 1267 dem
1226 1215 1315 1285 Konig
1333 1216 1488 1285 gegebenes
1500 1217 1685 1287 Versprechen

420 1318 451 1353 zu
470 1300 567 1354 halten.

524 1389 559 1442 Zu
580 1390 641 1443 dem
660 1389 898 1444 Schlussabschnitt
917 1391 981 1443 uber
1000 1390 1046 1442 das
1062 1390 1147 1443 Breve
1166 1408 1230 1443 vom
1251 1406 1274 1460 7.
1289 1390 1410 1444 Olnober
1426 1407 1492 1463 1529
1511 1394 1593 1463 vergl.
1614 1395 1683 1447 oben

420 1477 464 1531 Nr.
485 1493 525 1546 71.

966 1675 1032 1757 89.

360 1832 539 1900 Clemens
559 1832 628 1899 Vll.
653 1855 691 1898 an
717 1832 909 1919 Gregorio
934 1830 1077 1899 Casale.
1125 1832 1221 1915 Rom,
1250 1854 1297 1919 14.
1321 1832 1508 1921 September
1535 1855 1628 1921 1530.

420 1990 598 2060 Verurteilung
611 1994 709 2060 einiger
722 1991 879 2044 Excedenren
897 2009 984 2061 surgen
997 1991 1186 2043 verschicdener
1203 1991 1353 2044 Verbrechea
1374 1993 1427 2044 rand
1438 2012 1524 2062 surgen
1538 1993 1680 2065 Fdlschung

306 2081 458 2153 papstlicher
481 2079 612 2132 Schreiben
636 2097 667 2148 {a
688 2078 775 2143 Gela,
801 2078 1000 2147 Konfislrations-
1026 2080 1079 2140 arrd
1102 2080 1212 2131 anderen
1237 2079 1347 2149 Strnsen.
1385 2080 1444 2151 aas
1460 2080 1600 2152 Gregorius
1625 2083 1679 2135 An-

308 2175 399 2239 tragea
418 2168 539 2236 riberldsst
557 2169 603 2219 der·
622 2167 696 2239 Papst
713 2167 815 2230 diesem,
832 2168 867 2220 da
886 2186 913 2219 er
934 2166 1076 2220 Gesandler
1094 2168 1136 2221 des
1155 2167 1255 2237 Konigs
1273 2187 1324 2221 aon
1344 2168 1465 2239 England
1483 2172 1527 2233 sei,
1544 2171 1593 2222 den
1610 2170 1679 2223 Voll-

308 2274 357 2329 (τις
371 2262 444 2327 jarer
464 2255 565 2327 Strajen
591 2258 637 2308 mil
655 2256 700 2308 der
719 2255 838 2319 Preiheit,
862 2257 983 2308 dieselben
1003 2256 1067 2309 auch
1083 2256 1232 2325 gerichtlicb
1254 2258 1420 2325 rinzutreiben
1445 2259 1498 2310 und
1515 2259 1598 2311 demit
1616 2260 1679 2312 nach

309 2346 425 2398 Belieben
442 2363 473 2414 ru
492 2338 637 2414 verfahren.

534 2485 595 2551 Dil.
619 2484 685 2552 filio
709 2485 869 2570 Gregorio
894 2485 1018 2551 Casulio
1042 2487 1101 2552 civi
1127 2503 1158 2552 et
1181 2485 1271 2552 militi
1295 2486 1454 2553 Romano.

412 2627 452 2694 D.
481 2627 502 2693 f.
531 2650 555 2694 s.
602 2626 725 2714 Exponi
757 2625 849 2693 nobis
880 2649 981 2713 nuper
1011 2625 1124 2707 fecisti,
1155 2626 1242 2715 quod
1271 2626 1344 2693 alias
1374 2627 1536 2715 quondam
1566 2628 1676 2696 Petrus

306 2732 482 2801 Gambarus
505 2732 605 2799 almae
621 2730 715 2799 Urbis
739 2751 867 2800 nostrae
883 2733 1015 2799 vicarius
1039 2730 1193 2820 quosdam
1211 2731 1398 2799 Michaelem
1424 2744 1454 2799 et
1470 2733 1586 2821 loseph
1610 2736 1675 2801 eius

305 2837 403 2906 filium
422 2838 461 2905 de
477 2838 642 2905 Borascbis
665 2861 700 2904 ac
716 2837 884 2904 Simonem
900 2838 1052 2924 Burgium
1074 2857 1105 2905 et
1121 2836 1264 2904 Marcum
1289 2836 1327 2904 de
1345 2837 1523 2906 Carissimis
1546 2853 1676 2927 propter

305 2943 458 3011 nonnulla
481 2967 627 3011 excessus
651 2956 682 3010 et
698 2944 839 3024 crimina,
864 2944 958 3010 etiam
983 2941 1214 3010 falsificationes
1233 2943 1405 3010 litterarum
1430 2944 1673 3032 apostolicarum

304 3074 360 3138 per
383 3073 440 3117 eos
468 3064 501 3117 ut
525 3049 685 3117 dicebatur
711 3062 901 3137 perpetrata,
930 3048 968 3116 ad
993 3070 1100 3117 coram
1131 3072 1171 3116 eo
1195 3047 1274 3115 infra
1302 3070 1421 3116 certum
1451 3062 1577 3138 tempus
1605 3074 1674 3139 per·

303 3155 454 3223 sonaliter
489 3155 739 3243 comparendum
774 3153 831 3221 sub
864 3157 957 3223 certis
991 3157 1195 3244 pecuniarum
1231 3167 1262 3222 et
1296 3155 1401 3222 forsan
1437 3155 1673 3224 confiscationis

302 3261 462 3329 bonorum
487 3274 518 3329 et
542 3261 678 3329 confessi
703 3260 806 3328 delicti
829 3285 864 3328 ac
888 3260 953 3328 aliis
978 3263 1091 3348 poenis
1121 3263 1262 3342 monuit,
1289 3282 1320 3327 et
1347 3264 1418 3349 quia
1442 3260 1521 3330 infra
1548 3282 1673 3352 tempus

303 3371 347 3435 eis
363 3368 401 3436 ad
418 3366 668 3456 comparendum
685 3366 856 3454 praefixum
883 3390 949 3433 non
971 3379 1224 3454 comparuerant,
1249 3391 1306 3433 eos
1328 3370 1522 3454 pecuniarias
1546 3388 1577 3436 et
1600 3369 1672 3436 alias

301 3498 421 3564 poenas
450 3474 631 3542 huiusmodi
659 3475 825 3540 incurrisse
854 3473 1029 3540 declaravit.
1077 3473 1186 3554 Quare
1215 3496 1272 3559 pro
1301 3486 1387 3560 parte
1415 3485 1468 3541 tua
1495 3473 1588 3541 nobis
1615 3473 1672 3542 fuit

302 3580 460 3649 humiliter
483 3580 701 3669 supplicatum,
725 3592 759 3646 ut
781 3581 975 3668 pecuniarias
999 3592 1030 3646 et
1053 3578 1125 3645 alias
1156 3602 1276 3666 poenas
1300 3578 1471 3666 praedictas
1494 3579 1533 3646 ad
1557 3601 1671 3647 noser

301 3712 456 3756 cameram
486 3686 690 3775 apostolicam
720 3699 898 3773 spectantes
922 3698 953 3752 et
980 3687 1175 3774 pertinentes
1203 3684 1257 3751 tibi
1287 3684 1405 3752 donare
1434 3697 1465 3752 et
1494 3685 1669 3753 concedere

300 3794 340 3861 de
363 3793 556 3881 benignitate
584 3792 756 3880 apostolica
781 3793 993 3878 dignaremur,
1041 3792 1110 3857 Nos
1133 3790 1199 3871 tibi,
1227 3792 1280 3878 qui
1304 3792 1453 3857 carissimi
1483 3794 1515 3857 in
1540 3792 1668 3859 Christo

300 3898 353 3965 filii
378 3901 478 3966 nostri
502 3900 631 3965 Henrici
654 3897 787 3984 Angliae
812 3898 894 3983 regis
918 3896 1053 3976 illustris,
1077 3894 1151 3962 fidei
1175 3894 1350 3963 defensoris
1373 3895 1455 3983 apud
1479 3919 1539 3963 nos
1563 3909 1670 3965 orator

299 4006 416 4086 existis,
445 4004 486 4071 ob
509 4019 595 4092 grata
619 4028 674 4091 per
697 4016 729 4070 te
753 4002 844 4069 nobis
877 4004 1018 4090 impensa
1042 4002 1193 4091 obsequia
1220 4001 1387 4089 specialem
1411 4004 1542 4089 gratiam
1567 4002 1668 4070 facere

298 4132 392 4198 teque
419 4113 560 4197 gratioso
590 4109 697 4177 favore
720 4112 868 4197 prosequi
892 4109 1037 4176 volentes
1067 4106 1250 4174 huiusmodi
1280 4107 1559 4195 supplicationibus
1582 4108 1668 4176 incli-

298 4219 361 4285 nati
386 4206 500 4284 omnes
528 4228 559 4283 et
582 4214 720 4302 singulas
743 4235 807 4282 tam
838 4217 1031 4302 pecuniarias
1054 4239 1089 4281 ac
1113 4213 1349 4281 confiscationis
1373 4212 1549 4296 bonorum,
1573 4239 1665 4304 quam

296 4324 369 4391 alias
393 4347 522 4411 poenas,
546 4346 622 4411 quas
645 4320 821 4409 praedictus
838 4323 968 4389 vicarius
984 4319 1184 4402 Michaelem,
1209 4319 1379 4407 losephum
1397 4332 1428 4386 et
1447 4320 1613 4388 Simonem
1636 4342 1666 4390 et

296 4430 439 4497 Marcum
463 4427 640 4517 praedictos
664 4430 830 4495 incurrisse
851 4426 1016 4494 declaravit
1041 4439 1072 4494 et
1095 4428 1127 4492 in
1144 4449 1220 4514 quas
1244 4449 1300 4491 eos
1316 4425 1463 4492 declarari
1487 4429 1665 4514 contigerit,

296 4538 480 4604 auctoritate
508 4534 679 4623 apostolica
709 4559 746 4600 ex
770 4557 856 4600 mera
885 4551 992 4600 nostra
1021 4531 1201 4599 liberalitate
1230 4544 1341 4598 tenore
1368 4533 1582 4618 praesentium
1610 4531 1664 4599 tibi

297 4642 454 4709 donamus
478 4654 508 4709 et
525 4641 702 4729 elargimur,
728 4639 941 4707 concedentes
963 4638 1016 4705 tibi
1034 4638 1159 4725 plenam
1185 4651 1215 4704 et
1239 4635 1365 4703 liberam
1386 4635 1575 4719 facultatem,
1599 4638 1664 4705 illas

296 4770 361 4814 tam
389 4749 420 4814 in
451 4746 566 4814 iudicio
595 4770 690 4833 quarn
714 4758 800 4813 extra
828 4743 902 4811 illud
931 4745 1059 4832 petendi
1088 4756 1119 4810 et
1148 4742 1292 4829 exigendi
1320 4766 1355 4808 ac
1380 4754 1502 4809 exactas
1531 4745 1561 4809 in
1583 4758 1663 4812 ,tuos

296 4856 442 4940 proprios
465 4876 539 4920 usus
554 4851 650 4919 libere
674 4850 882 4919 convertendi
906 4873 940 4917 ac
964 4850 1003 4917 de
1019 4849 1077 4915 illis
1101 4861 1196 4936 prout
1219 4848 1259 4916 de
1282 4848 1348 4914 aliis
1367 4848 1459 4914 bonis
1482 4850 1543 4916 tuis
1569 4849 1663 4917 libere

295 4958 493 5046 disponendi.
540 4960 615 5024 Non
646 4957 842 5025 obstantibus
871 4957 993 5023 staturis
1022 4975 1051 5022 et
1081 4952 1360 5021 consuetudinibus
1384 4952 1485 5020 dictae
1508 4978 1662 5037 camerae,
