3842 5592
255 288 296 350 76
1454 300 1530 372 April
1550 315 1624 373 ¹529·

362 459 411 527 ull
433 462 531 529 Dario
556 464 599 529 mi
624 461 693 529 dice
721 461 815 529 haser
839 460 949 530 lettere
972 460 1095 529 fresche
1118 460 1169 528 del
1196 460 1320 529 auditor
1343 460 1384 528 de
1407 460 1435 527 la
1460 460 1625 543 camerae

254 588 310 654 per
333 565 362 634 le
385 567 467 657 quali
490 570 590 636 scrive
613 567 872 650 resolutamente,
896 568 955 636 che
977 569 1010 635 lo
1033 569 1229 657 Imperatore
1251 569 1377 656 passerd
1399 569 1431 634 in
1453 566 1569 634 Italia«

360 691 436 758 Non
461 715 513 759 me
543 691 739 780 meravigli0,
768 692 826 759 che
850 692 944 783 quelli
970 694 1109 760 »oratori
1136 692 1253 779 lnglesi
1282 690 1419 759 habbino
1448 690 1558 759 lettere
1586 690 1625 757 de

254 820 419 884 promesse
447 796 522 866 fatte
551 797 589 865 da
617 822 660 865 m.
684 799 896 882 Francesco«,
922 818 953 866 et
981 796 1136 880 crederei,
1165 798 1223 865 che
1252 797 1424 867 dovessino
1451 797 1571 865 »anche
1595 796 1626 863 di

254 925 307 969 me
330 900 397 970 dire
420 903 504 970 simil
527 927 602 972 cose
630 916 661 971 et
683 905 752 992 pih,
780 905 897 993 perche
919 917 1010 972 tanto
1034 907 1052 971 e
1075 903 1096 971 il
1123 903 1280 972 desiderio
1303 902 1438 992 grande,
1462 903 1569 970 hanno
1594 901 1625 969 di

254 1020 363 1096 questa
391 1032 480 1091 cosa,
509 1010 568 1077 che
596 1011 674 1098 ogni
701 1011 834 1077 minima
860 1010 967 1100 parola
995 1033 1187 1078 accrescono
1217 1022 1248 1078 et
1276 1011 1490 1098 interpretano
1514 1033 1532 1076 a
1554 1008 1625 1076 loro

254 1113 355 1181 modo
363 1140 372 1198 ;
405 1138 457 1183 ma
481 1117 520 1183 V.
545 1116 576 1184 S.
601 1117 659 1184 stia
682 1118 797 1200 sicum,
826 1117 884 1185 che
908 1120 949 1184 ne
973 1116 1030 1199 lui,
1061 1121 1102 1184 ne
1126 1117 1157 1183 io
1183 1115 1349 1184 habbiamo
1380 1117 1442 1183 mai
1464 1116 1625 1204 trapassati

254 1219 273 1286 li
296 1222 438 1304 termini,
469 1222 634 1310 seguendo
665 1235 784 1313 quanto
809 1225 848 1292 V.
880 1223 911 1291 S.
943 1225 996 1311 pili
1025 1222 1111 1291 volte
1143 1223 1181 1290 ha
1211 1224 1320 1291 scritto
1351 1241 1382 1290 et
1412 1221 1562 1310 replicato
1593 1222 1626 1288 in

254 1345 364 1415 questa
386 1345 548 1395 materia«.

358 1451 395 1517 lo
412 1450 487 1518 dissi
503 1473 597 1519 come
614 1451 652 1519 da
668 1476 721 1519 me
738 1452 765 1519 al
780 1453 876 1521 Rmo.
894 1452 1049 1520 cardinale
1076 1451 1175 1519 »della
1189 1465 1342 1541 proposta
1358 1450 1432 1519 latta
1447 1476 1464 1518 a
1480 1451 1624 1540 Monsgr.

255 1554 286 1622 di
309 1556 371 1623 San
387 1556 468 1624 Polo
477 1563 526 1640 ²«;
560 1581 593 1624 se
616 1581 657 1625 ne
682 1558 866 1646 maraviglio
890 1571 922 1626 et
945 1558 1038 1642 disse,
1062 1558 1121 1627 che
1146 1582 1197 1625 era
1220 1557 1320 1641 bonu,
1344 1558 1403 1625 che
1426 1556 1488 1625 Sua
1507 1557 1626 1626 Santita

254 1685 272 1728 a
294 1662 425 1751 qualche
448 1662 514 1732 bon
538 1662 639 1732 modo
663 1664 827 1753 expedisse
850 1664 871 1732 il
895 1667 1028 1754 negotio
1052 1664 1083 1731 di
1100 1676 1209 1755 questa
1225 1664 1356 1747 Maestlt,
1381 1676 1411 1732 et
1434 1664 1489 1752 poi
1512 1665 1538 1729 si
1554 1686 1626 1752 pro·

253 1766 380 1836 vederia
395 1793 412 1837 a
428 1782 522 1852 tutto,
548 1772 663 1839 uetiam
687 1770 718 1838 di
735 1771 885 1840 Ravenna
910 1784 940 1839 et
957 1772 1102 1854 Cervia«,
1125 1769 1333 1859 protestando
1350 1792 1475 1857 sempre
1499 1770 1531 1835 in
1548 1770 1626 1857 ogni

253 1876 497 1962 ragionamento
520 1889 567 1945 tre
592 1896 622 1944 et
639 1889 764 1966 quattro
780 1877 877 1960 volte,
901 1878 959 1946 che
976 1901 1069 1945 senza
1092 1888 1202 1966 questa
1224 1876 1420 1944 resolutione
1444 1898 1511 1942 non
1529 1899 1625 1943 erano

254 1979 396 2069 perlate
421 2005 495 2049 cosa
518 1981 643 2066 alcuna3
677 1995 708 2051 et
731 1996 902 2051 mostrono
928 1984 1043 2051 »havet
1066 1982 1186 2072 grande
1210 1981 1383 2057 diffidentia
1411 1981 1442 2049 di
1466 1981 1529 2049 Sua
1550 1981 1627 2049 San·

253 2088 309 2155 titd
333 2100 363 2155 et
386 2111 502 2156 ancora
525 2088 556 2156 di
580 2090 620 2155 V.
644 2089 688 2171 8.,
710 2089 877 2177 pensando
902 2089 959 2157 che
983 2088 1011 2157 la
1034 2088 1231 2157 Beatitudine
1255 2089 1317 2156 Sua
1341 2087 1432 2156 habbi
1456 2087 1493 2155 da
1519 2110 1626 2155 accor-

225 2192 336 2260 'darsi
365 2217 428 2261 con
453 2195 583 2277 Cosam,
615 2214 645 2263 et
673 2195 732 2263 che
756 2196 796 2263 V.
821 2196 852 2263 S.
882 2219 978 2284 segua
1006 2208 1119 2285 questo
1149 2197 1275 2263 camino
1304 2218 1360 2283 per
1382 2196 1536 2262 interesse
1566 2216 1625 2260 suo
1681 2190 1685 2199 ’

255 2298 335 2367 delle
359 2324 434 2367 cose
463 2300 494 2368 di
517 2301 657 2369 Firenze.
702 2301 739 2368 Io
763 2301 784 2368 li
814 2302 856 2369 ho
885 2303 1024 2390 risposto
1056 2302 1114 2370 che
1138 2325 1187 2384 so,
1210 2302 1250 2368 V.
1276 2301 1307 2368 S.
1338 2323 1423 2369 esser
1451 2299 1626 2367 affettiona·

254 2406 374 2473 tissima
397 2430 413 2473 a
437 2426 550 2496 questo
574 2431 623 2490 re,
651 2408 788 2475 maxime
813 2406 1043 2496 cognoscendo
1071 2407 1092 2474 il
1114 2406 1233 2496 grande
1257 2430 1382 2489 amore,
1411 2405 1512 2474 cheli
1535 2416 1626 2494 porta

254 2512 316 2579 Sua
339 2512 469 2596 Santitl,
494 2526 525 2582 et
541 2514 599 2582 che
622 2516 655 2582 io
672 2512 809 2582 credevo
833 2538 900 2581 non
920 2514 1138 2604 intendessino
1162 2513 1243 2581 bene
1260 2526 1379 2603 quanto
1402 2513 1447 2580 sia
1470 2511 1626 2580 l’autoritd

256 2616 286 2683 di
302 2617 342 2684 V.
361 2618 391 2686 S.
417 2620 449 2686 in
472 2618 500 2686 le
525 2643 599 2687 cose
624 2620 654 2687 di
678 2621 818 2703 Firenze,
843 2632 874 2688 et
890 2619 990 2689 molte
1013 2620 1089 2688 altre
1109 2643 1193 2703 cose,
1219 2620 1277 2686 che
1301 2620 1378 2686 saria
1394 2618 1494 2706 longo
1519 2618 1625 2685 ascri-

255 2746 328 2791 vere
344 2736 434 2805 tutte,
459 2749 514 2815 per
537 2726 622 2793 levar
637 2745 746 2817 questa
770 2727 936 2815 suspition‚
960 2738 992 2794 et
1011 2728 1055 2793 mi
1078 2748 1152 2815 pare
1176 2727 1345 2794 restassino
1370 2724 1431 2792 ben
1450 2722 1624 2792 satisfatti«.

360 2848 525 2937 Ringratio
549 2849 589 2916 V.
614 2849 645 2917 S.
676 2850 715 2917 de
742 2850 771 2917 la
798 2852 956 2918 memoria
984 2852 1069 2918 tiene
1098 2849 1136 2917 de
1166 2848 1186 2916 li
1216 2851 1290 2917 miei
1319 2847 1509 2937 particulari,
1539 2859 1571 2915 et
1597 2846 1625 2913 la

255 2951 407 3037 certifico,
432 2954 490 3021 che
513 2965 559 3021 tra
582 2955 602 3023 li
625 2955 693 3023 altri
716 2957 792 3023 miei
814 2956 1015 3024 incommodi
1039 2975 1153 3047 questo
1168 2955 1310 3024 vedermi
1335 2978 1481 3022 mancare
1504 2953 1532 3021 le
1553 2976 1626 3042 pro·

254 3060 370 3126 visioni
393 3058 432 3126 de
448 3059 476 3127 la
491 3059 661 3149 legatione,
686 3062 744 3130 che
760 3065 812 3150 git
827 3085 910 3130 sono
927 3065 1040 3151 passati
1062 3075 1109 3131 tre
1126 3064 1206 3131 mesi
1230 3075 1261 3131 et
1276 3062 1325 3130 all'
1342 3063 1445 3130 arrivo
1469 3060 1499 3128 di
1516 3072 1625 3150 questa

255 3187 390 3232 saranno
414 3178 551 3256 quattro,
579 3167 663 3234 ch’io
687 3192 754 3236 non
778 3168 821 3235 ho
846 3169 963 3237 havuto
987 3195 1030 3238 un
1054 3171 1211 3260 quatrino‚
1239 3192 1382 3237 accresce
1406 3191 1473 3236 non
1496 3189 1581 3255 poco
1604 3164 1624 3232 il

255 3269 426 3359 displacere
455 3284 486 3339 et
513 3273 676 3361 travagli0,
705 3275 737 3340 in
766 3275 850 3342 ch'io
879 3276 924 3342 nti
951 3296 1064 3359 trovo;
1095 3277 1174 3364 perd
1202 3275 1223 3343 li
1251 3273 1394 3363 supplico
1424 3273 1482 3341 che
1505 3284 1623 3363 quanto

254 3378 319 3464 pud
343 3377 444 3465 prima
466 3378 572 3466 voglia
595 3403 774 3469 procurare,
804 3382 862 3448 che
885 3382 928 3448 mi
953 3383 998 3449 sia
1019 3383 1174 3471 prouisto,
1203 3404 1297 3448 conte
1320 3379 1374 3468 piu
1396 3402 1414 3446 a
1436 3380 1535 3466 lungo
1559 3376 1625 3446 dira

255 3481 400 3569 Monsgr.
425 3483 456 3551 di
479 3484 585 3553 Feltro
609 3488 676 3553 mio
700 3485 831 3555 fratello.
877 3487 915 3554 Et
937 3511 1004 3554 non
1028 3487 1175 3555 havendo
1199 3487 1278 3555 altro
1308 3540 1315 3553 .
1341 3539 1348 3553 .
1374 3538 1381 3552 .
1406 3539 1412 3552 .

358 3602 498 3676 Londini
523 3630 551 3696 3.
576 3609 680 3698 aprilis
708 3630 800 3697 1529.

360 3783 396 3850 In
420 3785 522 3873 questi
549 3786 655 3872 giorni
683 3787 761 3853 santi
790 3810 873 3854 sono
898 3789 968 3854 stati
992 3788 1139 3854 seminati
1165 3810 1221 3875 per
1245 3786 1272 3853 la
1296 3798 1384 3854 corte
1414 3770 1501 3873 regia
1523 3783 1625 3851 alcuni

254 3887 368 3955 libretti
397 3888 568 3956 Lutherani
596 3892 627 3957 in
658 3891 764 3979 lingua
786 3892 925 3981 lnglese,
954 3916 1010 3981 per
1038 3904 1156 3982 quanto
1185 3891 1329 3974 intend0,
1357 3891 1386 3959 di
1419 3890 1499 3957 mala
1527 3901 1623 3957 sorte.

254 3993 405 4061 Anchora
428 4017 494 4061 non
512 3996 555 4062 ho
572 4008 686 4085 potuto
711 3997 848 4066 haverne
871 4022 949 4081 uno,
972 3998 1040 4066 faro
1057 3998 1217 4086 diligentia
1234 3997 1405 4066 d'haverlo
1451 3997 1508 4064 Fra
1527 3995 1624 4064 l'altre

255 4122 330 4166 cose
354 4099 497 4184 intendo,
526 4102 585 4169 che
607 4102 779 4171 Lutherani
805 4128 861 4193 per
885 4117 998 4194 questo
1027 4104 1152 4172 libretto
1180 4117 1389 4192 promettono
1414 4102 1445 4170 di
1472 4101 1623 4190 abrogare

254 4216 334 4272 tutte
357 4205 386 4272 le
402 4207 524 4274 heresie
547 4211 686 4277 toccanti
708 4209 751 4297 gli
773 4211 893 4277 articuli
918 4210 957 4278 de
979 4210 1007 4278 la
1024 4211 1094 4279 fede
1118 4229 1149 4278 et
1169 4210 1297 4278 credere
1321 4208 1464 4277 secondo
1489 4208 1515 4275 la
1532 4208 1623 4295 legge

256 4309 376 4393 divina,
398 4311 517 4399 purche
541 4326 651 4403 questa
673 4314 794 4382 Maesta
818 4317 952 4384 insieme
977 4315 1026 4383 col
1050 4317 1298 4385 Cristianissimo
1321 4314 1472 4404 vogliano
1496 4313 1624 4402 pigliare

255 4415 282 4482 la
305 4418 441 4505 impresa
463 4416 495 4485 di
518 4418 638 4488 ridurre
662 4420 682 4488 il
704 4433 786 4488 stato
812 4422 1022 4491 ecclesiastico
1045 4422 1074 4489 al
1097 4421 1198 4490 modo
1223 4421 1261 4491 de
1289 4421 1317 4489 la
1340 4422 1496 4510 primitiva
1520 4421 1625 4488 chiesa

255 4564 465 4571 ——-—-—.--0-

361 4655 370 4686 ¹
391 4648 570 4721 Hieronymus
588 4649 728 4704 Ghinucci.

361 4726 372 4755 ²
389 4717 497 4773 Bezieht
516 4719 573 4773 sich
590 4719 728 4790 jedenfalls
747 4720 795 4775 auf
809 4721 852 4774 die
861 4722 1088 4793 Verhandlungen
1106 4724 1242 4778 zwischen
1256 4723 1414 4778 Franlireich
1432 4722 1485 4776 und
1504 4721 1623 4787 Floreuz,

255 4787 297 4841 die
316 4787 410 4842 darauf
424 4789 612 4856 hinausliefen‚
631 4790 713 4845 durch
732 4791 779 4846 das
798 4791 977 4847 sranzosische
995 4793 1067 4848 Heer
1085 4804 1162 4850 unter
1179 4794 1252 4849 Saint
1272 4795 1321 4849 Pol
1343 4794 1454 4849 Florem
1472 4809 1562 4865 gegen
1581 4791 1624 4844 die

255 4858 435 4913 Kaiserlichen
453 4877 486 4913 zu
504 4861 631 4915 schutzen
650 4861 703 4915 und
722 4862 763 4916 die
782 4863 922 4917 Ruckkehr
940 4863 986 4918 der
1003 4864 1100 4919 Medici
1118 4883 1150 4920 zu
1169 4866 1335 4921 verhindern.
1372 4865 1493 4919 Naheres
1513 4862 1624 4917 dantber

254 4930 279 4976 in
299 4929 345 4982 der
363 4929 586 5001 Korrespondenz
605 4930 652 4985 des
671 4932 749 4989 Kard
769 4933 876 4988 Salviati
895 4952 941 4988 aus
960 4935 1041 4990 Paris.
1078 4936 1158 4990 Arch.
1172 4936 1257 4990 Vatic.
