3842 5592
256 322 420 400 1528115111.
446 354 449 367 «
1579 313 1621 378 33

356 487 497 558 promissio
516 503 547 540 zu
567 487 730 541 entnehmen
749 488 806 541 sein
824 485 904 552 wird;
931 486 1002 540 denn
1021 486 1054 540 da
1072 486 1145 540 diese
1164 485 1273 541 letztere
1295 487 1354 540 11111
1374 486 1473 541 Datum
1492 492 1570 558 trigt,
1590 505 1621 542 so

355 576 466 642 scheint,
485 573 540 628 dass
560 592 584 630 u.
600 592 623 630 1.
643 575 711 629 eben
730 575 798 629 auch
817 574 904 629 dieses
923 576 950 628 in
962 574 1085 646 England
1103 575 1142 628 als
1161 575 1204 628 ein
1217 574 1326 645 Mangel
1345 575 1501 645 angesehen
1520 575 1621 643 wurde,

355 664 406 717 den
424 681 487 717 man
507 663 594 717 beben
607 663 708 731 wollte,
727 662 781 718 und
800 679 831 717 so
849 661 936 717 durlte
955 662 1001 716 det
1014 661 1118 717 Schluss
1137 663 1286 735 berechtigt
1304 665 1369 730 sein,
1388 662 1444 717 dass
1464 664 1551 720 Clem.
1563 665 1622 721 VII.

356 751 397 805 die
416 751 495 805 echte
516 753 659 823 promissio
678 769 723 819 am
742 766 783 821 23·
802 751 853 822 Juli
876 751 941 820 1518
959 751 1135 822 geschtieben
1154 750 1207 805 und
1225 751 1424 805 unterzeichnet
1442 751 1518 808 habe.
1555 752 1622 807 Dass

354 839 417 893 aber
439 855 494 893 von
517 840 590 894 einer
608 839 802 911 Austertigung
824 839 872 893 des
898 838 1054 910 englischen
1080 838 1231 893 Entwutfes
1257 839 1339 893 durch
1364 839 1416 893 den
1440 840 1520 912 Papst
1546 842 1622 896 111111

355 928 428 982 Rede
447 929 504 982 sein
522 928 600 996 lrann,
619 928 685 1000 geht
703 929 751 982 mit
770 927 881 982 vollster
901 928 1050 982 Sicherheit
1069 928 1162 982 daraus
1181 927 1287 994 hervet,
1306 927 1363 982 dass
1382 927 1469 982 dieser
1491 929 1621 999 Entwurt,

355 1033 435 1071 wenn
448 1016 603 1088 uberhaupt,
622 1026 676 1070 etst
695 1032 785 1088 gegen
798 1015 873 1070 Ende
885 1016 939 1070 Mai
955 1032 1021 1088 1529
1040 1016 1102 1070 dem
1115 1016 1212 1086 Papste
1232 1015 1372 1087 vorgelegt
1385 1017 1495 1071 werden
1514 1019 1621 1086 ltonnte,

354 1123 386 1158 zu
405 1105 478 1159 einer
496 1105 551 1159 Zeit
570 1103 635 1171 also,
655 1105 681 1158 iu
700 1104 819 1159 welcher
836 1104 935 1176 gerade
954 1105 1000 1158 das
1019 1103 1172 1175 Gegenteil,
1191 1104 1307 1158 nimlich
1326 1104 1368 1159 die
1381 1104 1557 1178 Abberufung
1576 1107 1623 1162 der

354 1192 440 1246 Sache
458 1193 528 1246 nach
546 1192 625 1260 Rom,
643 1193 680 1246 im
693 1192 792 1246 Wetlre
811 1210 875 1248 war.
911 1193 951 1263 (S.
971 1193 1069 1248 Histor.
1088 1193 1177 1265 Jahrb.
1199 1193 1266 1247 1888
1285 1192 1311 1248 S.
1330 1195 1387 1263 41.)

906 1459 969 1542 24.

361 1632 543 1701 Clemens
564 1633 632 1701 VII.
658 1656 698 1701 an
722 1633 906 1701 Heinrich
927 1633 1009 1701 VIII.
1056 1632 1206 1717 Orviem,
1234 1654 1282 1720 13.
1307 1634 1395 1723 April
1423 1639 1515 1722 1528.

357 1791 461 1858 Zweite,
482 1793 545 1846 noch
567 1792 755 1864 umfassendere
773 1792 948 1865 Dispmsbulle
970 1811 1002 1862 111
1020 1794 1089 1846 einer
1113 1810 1192 1846 11111111
1211 1792 1263 1846 Ebc
1277 1793 1330 1864 sttr
1347 1793 1396 1847 dm
1415 1793 1483 1861 Fall,
1505 1797 1564 1866 dass
1581 1798 1624 1851 die

252 1879 303 1933 Ehe
320 1883 368 1935 mit
385 1881 431 1934 der
449 1880 566 1951 Kdnigt'n
585 1880 733 1935 Katharina
743 1882 796 1951 stit
814 1882 936 1952 ungriltig
954 1881 1052 1935 erklrirt
1069 1881 1166 1935 wrirde.

357 2038 509 2107 Clemens
533 2058 592 2107 etc.
624 2005 803 2108 'Carissimo
826 2040 858 2105 in
876 2039 1005 2108 Christo
1029 2038 1049 2108 1.
1066 2064 1098 2108 n.
1116 2041 1257 2115 11111111
1273 2040 1408 2128 Angliae
1423 2044 1490 2129 regi
1513 2042 1622 2111 illustri

252 2157 283 2213 et
306 2143 440 2212 domino
464 2145 634 2213 Hiberniae
658 2143 733 2213 fidei
755 2143 915 2213 defensori
938 2145 992 2214 sal.

356 2268 457 2351 Quod
472 2281 600 2338 nostrae
623 2271 800 2338 auctoritati
824 2268 930 2337 divina
944 2271 1101 2339 sententia
1125 2272 1158 2337 in
1180 2272 1272 2339 terris
1288 2272 1498 2339 commissum
1522 2272 1622 2340 credi·

251 2385 381 2464 tumque
404 2374 572 2458 habemus,
595 2387 631 2444 ut
653 2374 896 2443 christianorum
921 2375 1117 2465 disciplinam
1147 2375 1244 2445 veluti
1268 2400 1468 2445 oeconomus
1496 2402 1532 2446 ac
1560 2378 1622 2446 dis·

251 2493 399 2568 pensator
422 2483 455 2548 in
485 2480 602 2549 familia
625 2482 760 2549 Domini
788 2494 883 2570 prout
915 2505 1094 2565 causamm,
1122 2501 1304 2571 temporum
1334 2496 1386 2552 aut
1414 2506 1622 2572 personatum

250 2585 379 2674 qualitas
401 2589 600 2675 persuaserit,
624 2585 655 2653 id
671 2588 704 2654 in
720 2588 867 2654 Domino
884 2587 1043 2676 expedite,
1067 2586 1285 2656 moderemur:
1310 2589 1352 2656 ita
1372 2611 1432 2655 nos
1451 2591 1621 2678 accipimus

251 2693 566 2782 interpretamurque,
582 2704 617 2760 ut
633 2715 691 2781 pto
708 2692 871 2781 pastoralis
887 2692 1095 2762 solicitudinis
1111 2716 1184 2760 cura
1200 2691 1238 2761 ad
1254 2717 1364 2782 preces
1379 2693 1621 2782 supplicantium

253 2795 356 2866 faciles
387 2810 419 2866 et
448 2797 602 2886 benignas
630 2821 720 2866 aures
750 2800 951 2887 porrigentes
982 2811 1109 2867 nostrae
1140 2801 1304 2888 potestatis
1332 2799 1467 2868 modum
1495 2802 1540 2869 sic
1569 2825 1621 2869 ex-

253 2903 425 2987 hibeamus,
449 2916 484 2973 ut
506 2917 538 2972 et
559 2916 707 2993 paternae
730 2906 854 2994 pietatis
883 2904 1032 2974 effectum
1059 2919 1255 2994 praestemus
1284 2906 1449 2988 omnibus,
1481 2926 1512 2975 et
1540 2931 1621 2997 quos

251 3010 283 3076 in
307 3008 370 3078 fide
393 3033 429 3079 ac
452 3010 608 3098 religione
630 3009 749 3079 tuenda
772 3021 804 3079 et
824 3010 1041 3079 conservanda
1056 3010 1152 3079 studii
1173 3010 1289 3079 favoris
1313 3025 1345 3080 et
1360 3015 1392 3079 in
1416 3034 1475 3080 nos
1491 3012 1622 3083 Sedem·

252 3137 312 3205 que
334 3115 555 3205 Apostolicam
578 3115 777 3204 gratitudinis
804 3115 930 3185 insolita
954 3115 1058 3184 officia
1086 3116 1179 3184 nobis
1207 3130 1280 3186 ante
1303 3134 1427 3186 ceteros
1455 3142 1621 3189 commen-

164 3213 167 3219 ’
252 3218 408 3303 davetint,
437 3216 500 3289 'eos
536 3246 574 3289 ex
608 3224 797 3290 meritorum
831 3224 955 3290 ratione
986 3224 1073 3312 quasi
1107 3221 1321 3291 vicissitudine
1356 3224 1491 3314 quadam
1524 3226 1621 3295 officii

253 3326 447 3395 uberioribus
470 3328 578 3415 gratiis
601 3341 843 3417 prosequentes,
874 3340 1154 3418 quantumcunque
1177 3352 1316 3411 novum,
1344 3344 1467 3418 praeter
1495 3356 1620 3400 morem

252 3444 304 3500 aut
327 3433 507 3522 exemplum
531 3432 675 3502 videatur
702 3432 788 3523 quod
816 3435 958 3522 agimus,
989 3433 1184 3523 indulgentia
1211 3434 1434 3519 nihilominus,
1462 3439 1561 3526 gratia
1590 3452 1621 3509 et

252 3537 445 3628 benignitate
468 3541 586 3608 nostris
608 3539 819 3608 sublevemus.
861 3540 947 3609 Cum
969 3563 1048 3608 vero
1072 3560 1103 3608 te
1127 3542 1324 3609 carissimum
1348 3544 1380 3608 in
1397 3541 1527 3611 Christo
1551 3544 1620 3614 11.

252 3646 333 3713 inter
356 3657 481 3714 ceteros
504 3645 691 3713 christianos
714 3647 872 3735 principes
895 3671 995 3714 unum
1015 3646 1078 3715 hoc
1093 3646 1219 3715 saeculo
1237 3648 1375 3715 extitisse
1397 3651 1621 3737 cognovimus,

252 3752 304 3840 qui
327 3750 424 3818 fidem
450 3750 600 3819 ecclesiae
624 3750 839 3820 orthodoxam
863 3752 946 3835 stilo,
970 3751 1086 3821 Sedem
1112 3752 1192 3820 banc
1211 3752 1431 3841 Apostolicam
1454 3754 1560 3843 gladio
1584 3757 1621 3825 ab

253 3856 484 3926 haereticorum
507 3856 709 3946 improbitate
732 3857 929 3947 aliorumque
952 3860 1064 3925 iniuria
1087 3857 1273 3926 felicissimis
1296 3860 1491 3928 successibus
1514 3860 1622 3931 delen-

254 3961 335 4045 disti,
359 3964 545 4052 captivitatis
568 3975 697 4031 nostrae
713 3986 821 4031 casum
845 3975 877 4031 et
899 3963 1068 4052 probibere
1084 3987 1210 4053 semper
1233 3963 1378 4033 laborans
1395 3979 1426 4036 et
1449 3991 1529 4056 quae
1549 3981 1621 4037 1111

253 4072 374 4158 pietatis
398 4088 446 4138 est
469 4067 667 4157 magnitud0,
690 4068 852 4137 sublevate
874 4092 948 4158 prae
972 4072 1085 4138 ceteris
1107 4093 1236 4138 summo
1260 4095 1334 4139 cum
1357 4072 1464 4142 studio
1488 4094 1621 4143 conten-

254 4174 341 4258 dens,
364 4199 500 4264 regnum
523 4194 629 4244 autem
648 4176 782 4264 Angliae
797 4175 1070 4260 florentissimum,
1093 4177 1180 4266 quod
1203 4178 1270 4245 iure
1293 4177 1465 4247 clarissimo
1489 4200 1520 4248 et
1536 4204 1623 4270 apet-

253 4281 376 4349 tissimo
399 4280 554 4371 possides,
576 4281 615 4349 ab
638 4281 774 4350 haeresis
798 4282 973 4350 calamitate
996 4294 1133 4351 sarctum
1156 4294 1277 4352 tectum
1300 4308 1425 4353 summa
1449 4309 1521 4353 cum
1544 4289 1623 4376 vigi-

254 4385 347 4456 lantia
362 4389 556 4456 conservasti
572 4400 603 4456 et
618 4388 692 4456 Sedi
716 4410 842 4477 semper
858 4388 1064 4476 Apostolicae
1087 4389 1340 4473 devotissimum,
1364 4393 1395 4458 in
1412 4390 1475 4459 fide
1498 4416 1575 4460 vero
1592 4406 1624 4461 et

254 4492 407 4582 religione
431 4493 565 4563 colenda
588 4493 903 4562 observantissimum
926 4507 979 4563 tua
1003 4518 1075 4563 cura
1103 4507 1135 4563 et
1161 4495 1359 4584 providentia
1387 4496 1549 4565 reddidisti
1576 4500 1623 4565 in-

257 4599 418 4667 estimabili
441 4599 527 4667 orbis
550 4599 638 4667 bono
662 4623 845 4689 magnoque
869 4620 926 4669 tuo
950 4612 1018 4668 tum
1042 4599 1124 4689 apud
1139 4602 1258 4684 Deum,
1281 4613 1350 4669 tum
1373 4601 1456 4690 apud
1475 4602 1623 4671 homines

257 4706 369 4772 metito
392 4705 553 4793 singulari,
576 4707 683 4795 sicque
706 4729 842 4795 reguum
858 4706 933 4774 illud
956 4719 1047 4775 tuum
1071 4706 1235 4775 virtutibus
1252 4730 1380 4789 ornans,
1405 4711 1511 4776 omnis
1528 4711 1622 4776 etiam

258 4810 398 4897 querelae
422 4823 455 4879 et
477 4810 683 4880 dissensionis
706 4836 745 4880 ex
767 4813 965 4881 Lancastriae
988 4811 1192 4901 Eborumque
1220 4811 1344 4880 familiis
1372 4810 1411 4880 de
1434 4814 1526 4881 titulo
1554 4837 1623 4881 suc-

259 4918 407 4984 cessionis
423 4919 502 4985 olim
518 4929 609 4986 natae
625 4939 656 4986 et
677 4930 903 4988 controversae
924 4917 1084 5007 multaque
1106 4919 1267 5006 sanguinis
1287 4917 1472 5006 profusione
1489 4921 1624 4986 nimium

308 5055 414 5107 1111111,
429 5056 558 5102 1111111111
574 5059 731 5129 Dokumente.
906 5050 912 5063 “
937 5086 940 5090 -
1479 5065 1493 5104 u
