3802 5606
278 337 342 398 23⁸
1164 350 1312 403 Consilium
1332 367 1412 420 super
1429 368 1508 403 causa
1528 349 1650 419 Anglica.

278 507 461 590 colendum,
484 507 563 576 nihil
585 510 671 597 prius
699 511 731 575 in
754 510 838 576 votis
868 506 1065 589 habendum,
1094 532 1190 598 quam
1219 528 1254 576 ut
1283 510 1360 576 haec
1388 511 1456 597 ipsa
1485 509 1587 596 magis
1617 510 1650 574 in

278 616 346 683 dies
370 615 567 682 celebrentur
590 629 622 683 et
636 617 667 682 in
686 615 786 682 oculis
802 628 834 683 et
850 614 975 681 auribus
992 616 1138 682 omnium
1156 615 1323 683 illustriora
1339 614 1482 682 evadant.
1518 614 1651 682 Sublimi

279 722 333 789 illo
356 721 449 789 titulo
472 720 648 789 defensoris
671 721 745 789 fidei
769 723 802 788 in
825 721 918 789 huius
940 744 1068 811 quoque
1092 745 1203 790 causae
1226 723 1470 811 aequanimitate
1501 734 1594 789 aucto
1618 734 1650 789 et

279 828 447 910 celebrato,
470 853 566 918 quem
590 841 625 896 ut
649 830 785 916 egregiis
808 829 981 895 Maiestatis
1000 828 1082 896 Suae
1105 827 1307 911 facinoribus,
1332 828 1408 895 dum
1424 828 1649 917 rempublicam

278 936 479 1003 christianam
507 948 539 1003 et
561 935 782 1023 Apostolicam
804 933 923 1002 Sedem
945 934 1153 1002 fluctuantem
1176 948 1281 1003 tuetur
1304 938 1413 1017 armis,
1442 934 1570 1023 opibus,
1598 958 1652 1001 au-

277 1042 427 1110 thoritate
450 1054 482 1108 et
506 1040 725 1108 eruditissimis
748 1039 1026 1122 lucubrationibus,
1049 1040 1106 1107 sibi
1123 1042 1329 1129 comparavit,
1352 1043 1395 1108 ita
1417 1039 1534 1107 invidia
1556 1041 1650 1107 etiam

277 1150 433 1216 maiorem
457 1148 579 1215 cunctis
601 1171 636 1214 se
659 1146 837 1235 praebebit;
867 1160 961 1236 atque
984 1160 1019 1214 ut
1041 1146 1187 1214 fortunae
1210 1148 1313 1235 magis
1335 1170 1430 1237 quam
1455 1146 1577 1214 consilii
1602 1158 1651 1213 est

278 1278 443 1342 persaepe,
467 1277 603 1341 regnum
627 1253 772 1341 adipisci,
801 1253 979 1341 gloriosum
1010 1277 1088 1320 vero
1119 1276 1221 1340 regno
1245 1252 1379 1340 dignum
1402 1277 1436 1320 se
1464 1252 1650 1320 ostendere:

278 1363 319 1428 ita
344 1361 600 1427 honestissimam
624 1358 707 1448 apud
731 1360 880 1426 homines
903 1360 1091 1448 opinionem
1109 1362 1272 1426 consecuti
1294 1383 1364 1426 eam
1381 1359 1523 1427 sollicitis
1540 1358 1651 1426 studiis

279 1490 468 1534 conservare
491 1465 654 1533 debemus.
693 1467 759 1532 Has
774 1477 880 1533 autem
898 1490 998 1532 novas
1018 1468 1142 1553 nuptias
1165 1465 1315 1534 inducere
1334 1478 1450 1555 quanta
1466 1467 1499 1531 in
1518 1465 1651 1553 caligine

277 1575 455 1661 positurum
479 1573 519 1639 sit
542 1574 610 1640 eius
633 1596 766 1654 nomen,
789 1572 839 1639 vel
863 1573 947 1639 caeci
970 1570 1126 1639 viderent.

384 1679 553 1745 Postremo
576 1678 652 1768 quid
676 1677 890 1745 infelicissima
913 1677 990 1745 baec
1006 1689 1151 1766 tempora
1174 1698 1318 1766 poscant,
1342 1677 1434 1745 decet
1451 1678 1651 1745 Maiestatem

279 1788 374 1853 Suam
398 1787 499 1852 acrius
523 1785 741 1866 considerare,
773 1784 886 1874 quibus
914 1797 1044 1872 propter
1066 1785 1222 1852 bellorum
1247 1784 1388 1852 diutinos
1410 1783 1551 1851 turbines
1575 1782 1651 1850 nihil

279 1912 326 1958 est
350 1916 417 1959 non
434 1892 632 1972 exhaustum,
656 1891 794 1958 lacerum
810 1904 843 1958 et
857 1903 1050 1981 quassatum,
1074 1914 1148 1957 cum
1164 1892 1320 1958 intestinis
1337 1903 1369 1957 et
1390 1889 1531 1957 civilibus
1546 1890 1652 1970 armis,

279 2011 346 2065 tum
372 1998 519 2078 externis,
543 1996 655 2087 quibus
679 2019 780 2085 nuper
795 1997 993 2063 Pannoniam
1017 1998 1192 2078 amisimus,
1216 1997 1341 2063 Austria
1364 1994 1459 2062 etiam
1483 2018 1583 2083 paene
1599 1994 1653 2062 de-

279 2104 422 2172 siderata.
469 2102 633 2170 Eiusmodi
655 2104 806 2170 iacturam
831 2124 991 2192 utcunque
1015 2102 1095 2170 ferre
1119 2126 1304 2190 possemus,
1333 2103 1393 2169 nisi
1422 2102 1533 2189 religio
1558 2102 1652 2168 etiam

280 2224 312 2278 et
335 2234 421 2278 sacra
443 2210 669 2299 prophanaque
693 2211 808 2298 pariter
830 2209 956 2277 decreta
980 2209 1095 2299 ubique
1118 2208 1258 2277 labarent
1273 2222 1305 2276 et
1329 2209 1420 2295 plane
1436 2206 1652 2275 conciderent.

280 2319 362 2385 Huic
390 2340 496 2384 rerum
527 2316 764 2384 christianarum
793 2317 888 2383 statui
910 2336 942 2383 et
965 2314 1111 2383 fortunae
1139 2317 1165 2382 si
1189 2316 1374 2397 accesserit,
1403 2327 1437 2381 ut
1467 2314 1543 2380 haec
1571 2336 1651 2401 quo·

280 2422 456 2491 dammodo
486 2421 593 2489 salutis
620 2421 759 2489 anchora
790 2422 822 2487 in
852 2422 915 2489 hoc
938 2422 1072 2509 Angliae
1100 2445 1202 2508 regno
1234 2434 1265 2488 et
1292 2444 1368 2507 rege
1393 2421 1451 2487 sita
1481 2421 1651 2500 amittatur,

280 2553 360 2619 quae
382 2552 455 2617 spes
478 2551 629 2617 umquam
653 2529 739 2616 pacis
762 2529 821 2595 erit
843 2528 982 2616 reliqua?
1016 2526 1159 2608 Quando
1183 2550 1201 2593 a
1224 2526 1311 2593 bellis
1335 2539 1366 2593 et
1390 2525 1609 2605 seditionibus,
1633 2548 1651 2590 a

280 2635 437 2717 caedibus,
460 2633 498 2701 ab
522 2633 702 2701 haeresibus
729 2654 761 2701 et
790 2657 806 2700 a
836 2632 954 2723 reliqua
982 2633 1138 2700 malorum
1167 2632 1255 2700 turba
1284 2631 1504 2699 liberabimur?
1542 2631 1651 2712 Quam

280 2741 322 2809 ob
350 2765 418 2808 rem
446 2752 509 2822 est,
535 2752 571 2807 ut
593 2741 741 2808 Maiestas
767 2740 830 2807 Sua
852 2741 914 2806 iam
938 2740 1113 2821 existimet,
1134 2741 1233 2807 totius
1257 2737 1444 2827 reipublicae
1467 2737 1651 2805 christianae

280 2872 377 2915 voces
405 2860 437 2915 et
464 2860 539 2916 vota
566 2848 600 2913 in
629 2871 663 2914 se
692 2869 861 2927 conversa,
890 2846 1002 2935 quibus
1031 2858 1137 2933 rogat,
1167 2858 1201 2913 ut
1229 2843 1341 2912 eadem
1374 2867 1472 2932 opera
1501 2840 1576 2910 velit
1608 2866 1653 2922 se,

280 2978 415 3041 regnum
445 2976 630 3043 nomenque
660 2976 754 3019 suum
784 2964 877 3042 atque
914 2952 1102 3019 christianos
1129 2952 1286 3039 principes
1315 2969 1345 3017 et
1374 2948 1511 3038 populos
1538 2971 1654 3015 omnes

279 3060 385 3128 salvos
408 3083 494 3141 esse,
522 3058 609 3148 quod
632 3058 721 3126 facile
744 3079 933 3126 eventurum
957 3071 1075 3146 sperat,
1104 3059 1130 3124 si
1159 3081 1251 3125 causa
1282 3056 1339 3124 hac
1367 3056 1587 3144 praetermissa
1614 3052 1653 3119 ad

281 3164 408 3232 dissidia
429 3164 569 3232 tollenda
585 3165 733 3231 Maiestas
749 3164 812 3231 Sua
828 3165 968 3231 animum
987 3164 1191 3244 converterit,
1208 3162 1292 3230 unde
1308 3161 1486 3229 felicissima
1501 3160 1653 3247 trophaea

281 3283 312 3339 et
335 3271 435 3360 spolia
458 3294 530 3338 eam
553 3282 797 3338 consecuturam
821 3292 889 3336 non
913 3269 1114 3356 ambigimus.

386 3379 491 3467 Atque
519 3377 595 3445 haec
625 3388 713 3458 sunt,
743 3400 823 3465 quae
851 3399 908 3464 per
935 3378 1018 3442 viam
1047 3374 1171 3442 consilii
1201 3373 1304 3441 afferri
1333 3396 1428 3462 posse
1456 3370 1652 3452 videbantur,

282 3484 426 3552 uberiora
449 3496 481 3551 et
503 3485 627 3550 saniora
650 3484 778 3550 interim
801 3483 838 3550 ab
862 3481 928 3549 aliis
952 3493 1164 3569 expectantes.

492 3660 598 3714 Lettere
616 3659 642 3713 di
661 3659 775 3730 Principi
797 3674 844 3725 14,
864 3658 881 3713 f.
902 3673 1047 3726 502-510.
1083 3658 1139 3711 Das
1157 3657 1239 3711 Stuck
1256 3662 1327 3727 tragt
1345 3657 1432 3710 nebeu
1450 3656 1497 3709 der
1509 3652 1656 3708 Aufschrift

386 3748 429 3802 die
443 3747 596 3819 Jahreszahl
613 3763 688 3816 1530,
707 3746 755 3801 auf
763 3747 882 3801 welches
895 3746 958 3817 Jahr
976 3746 1063 3799 aufser
1075 3745 1176 3799 andern
1188 3745 1386 3815 Andeutungen
1400 3744 1468 3797 auch
1480 3743 1523 3797 die
1536 3741 1654 3797 Schlufs·

388 3837 587 3907 bemerkungen
607 3837 671 3890 iiber
694 3837 736 3889 die
760 3835 862 3889 Gefahr
885 3826 1055 3889 Osterreichs
1081 3834 1164 3888 durch
1187 3834 1229 3887 die
1249 3834 1356 3887 Turlren
1381 3834 1537 3886 hinweisen.
1574 3832 1655 3885 Sonst

387 3926 420 3978 ist
446 3923 538 3977 weder
560 3941 592 3977 zu
611 3924 737 3991 ersehen,
756 3941 813 3977 wer
836 3923 883 3976 der
900 3923 1040 3977 Verfasset
1058 3922 1105 3976 des
1124 3921 1290 3976 Gutachtens
1314 3924 1360 3988 ist,
1384 3921 1455 3975 noch
1474 3920 1521 3974 auf
1536 3919 1655 3973 welches

387 4013 533 4066 Schreiben
555 4029 609 4066 von
633 4012 784 4083 englischet
802 4012 874 4065 Seite
893 4011 1014 4065 dasselbe
1038 4011 1077 4064 als
1096 4011 1222 4065 Antwort
1244 4011 1341 4065 dienen
1365 4009 1424 4064 soll.
1460 4010 1512 4062 Die
1535 4007 1655 4062 ausffihr-

388 4101 457 4154 liche
475 4100 650 4171 Behandtung
673 4100 720 4154 det
738 4100 866 4171 Erbfolge
885 4102 963 4154 weist
988 4099 1036 4153 auf
1051 4100 1097 4153 das
1116 4099 1261 4153 Schreiben
1288 4098 1335 4151 der
1358 4097 1515 4169 englischen
1534 4095 1657 4150 Prilaten

388 4189 441 4243 und
459 4187 575 4243 Gtofsen
594 4204 658 4243 vom
673 4205 712 4257 13.
730 4188 781 4260 Juli
803 4204 870 4257 1530
888 4190 920 4257 (s.
940 4189 1010 4242 oben
1030 4188 1076 4242 Νι.
1096 4188 1141 4257 86)
1160 4188 1215 4254 hin,
1234 4189 1262 4241 in
1280 4187 1414 4240 welchem
1432 4184 1595 4239 namentlich
1614 4184 1657 4237 die

388 4277 608 4348 Notwendigkeit
631 4278 704 4332 eines
726 4276 896 4331 mannlichen
914 4277 1002 4331 Erben
1025 4295 1071 4331 aus
1096 4278 1168 4332 einer
1192 4275 1313 4347 gultigen
1339 4274 1396 4328 Ehe
1422 4275 1514 4327 betont
1539 4273 1586 4337 ist;
1614 4272 1656 4325 die

389 4366 473 4437 Frage
492 4366 540 4419 der
557 4366 733 4437 angeblichen
752 4365 1047 4420 Gewissensbedenlren
1066 4365 1205 4418 Heinrichs
1229 4365 1305 4417 lrehrt
1324 4362 1448 4434 dagegen
1472 4363 1499 4415 in
1517 4378 1549 4415 so
1569 4360 1656 4414 vielen

389 4454 546 4526 englischen
559 4454 721 4525 Depeschen
734 4455 843 4521 wieder,
862 4454 918 4509 dass
932 4473 994 4508 man
1009 4453 1082 4507 nicht
1095 4454 1172 4523 notig
1185 4453 1239 4519 hat,
1258 4453 1318 4505 eine
1333 4450 1481 4505 besondere
1494 4450 1533 4503 als
1546 4449 1656 4521 Gegen-

389 4543 463 4597 stuclr
481 4562 513 4597 zu
532 4543 585 4597 den
602 4542 800 4597 vorstehenden
819 4543 1150 4613 Auseinandersetzungen
1173 4540 1360 4595 aufzusuchen.
1398 4539 1453 4593 Das
1472 4538 1552 4592 Stuck
1570 4534 1656 4591 durfte

389 4632 463 4685 wohl
482 4649 526 4685 am
545 4633 638 4685 besten
661 4633 719 4685 hier
737 4647 828 4702 gegen
846 4631 949 4686 Schlufs
973 4633 1047 4685 seine
1065 4630 1148 4684 Stelle
1166 4628 1269 4695 finden,
1287 4629 1351 4683 weil
1370 4628 1427 4682 sich
1450 4628 1537 4682 schon
1559 4628 1585 4679 in
1604 4626 1656 4679 den

389 4719 631 4791 nachstfolgenden
658 4720 755 4791 Jahren
783 4720 906 4774 mehrere
933 4720 980 4773 der
1007 4719 1081 4773 darin
1109 4717 1280 4789 geaufserten
1308 4717 1451 4771 Bedenlren
1479 4714 1658 4769 verwirlrlicht

390 4809 485 4875 haben,
503 4828 525 4863 z.
538 4809 568 4862 Β.
587 4809 629 4862 die
648 4807 778 4862 tretiende
792 4808 977 4879 Beleuchtung
995 4826 1026 4861 zu
1045 4807 1107 4861 dem
1126 4807 1279 4861 thorichten
1291 4805 1414 4860 Glauben
1433 4805 1581 4867 Heinrichs,
1601 4802 1657 4857 dafs

389 4896 446 4950 ihm
469 4896 511 4951 die
530 4896 704 4968 Verbindung
728 4897 776 4950 mit
795 4896 873 4949 Anna
895 4896 999 4968 Boleyn
1024 4898 1102 4950 einen
1128 4894 1300 4949 mannlicheu
1318 4893 1496 4947 Thronerben
1521 4891 1657 4945 scheuken

388 4984 488 5052 werde,
509 4986 568 5038 eine
587 4984 734 5059 Hoffnung,
753 4984 835 5038 deren
853 4984 1056 5057 Enttauschung
1075 4983 1233 5038 wesentlich
1252 4983 1301 5035 mit
1319 4999 1380 5037 zum
1398 4982 1491 5037 Sturze
1514 4981 1561 5036 der
1578 4980 1658 5034 Anna
