3802 5606
296 311 358 371 226
492 317 496 324 ’
1264 326 1383 380 Diarium
1404 325 1482 378 Blasii
1501 325 1533 378 de
1553 325 1668 378 Cesena.

294 482 454 572 publicum
478 483 528 550 vel
551 485 722 571 privatum,
747 486 833 552 etin
858 496 969 567 nocte,
993 486 1064 555 licet
1089 498 1172 554 esset
1195 487 1374 553 intimatum
1400 484 1575 573 publicum,
1599 508 1669 551 mu—

295 589 372 656 tavit
394 591 584 657 sententiam
616 603 646 658 et
671 590 809 657 ordinari
832 589 906 659 fecit
929 603 1089 661 secretum
1112 594 1142 659 in
1165 591 1227 659 salu
1251 616 1367 683 magna
1391 591 1545 680 superiori
1568 614 1667 679 penes

296 718 434 762 cameras
462 718 533 761 suas
557 695 769 779 cubicularias,
800 715 831 764 et
855 697 934 764 hora
962 699 1158 787 competenti
1181 710 1212 765 et
1236 697 1413 766 oratoribus
1437 697 1591 779 Caesaris,
1615 699 1669 786 qui

295 801 450 869 instabant
473 824 531 889 pro
556 803 665 890 regina
688 825 800 870 sorore
822 802 866 893 (l)
891 804 1094 892 Imperatoris
1118 815 1230 872 contra
1253 827 1363 892 regem
1380 803 1524 891 Angliae,
1547 804 1669 871 vocatis

295 931 312 974 a
335 908 417 995 Papa
441 909 472 975 in
496 909 686 976 anticamera
709 933 775 991 sua,
799 922 965 998 praesente
982 910 1077 979 Rmo.
1094 911 1182 978 Dno.
1207 910 1355 978 cardinali
1377 910 1417 979 de
1433 894 1547 977 Moirte
1570 908 1669 977 multa

295 1014 389 1081 verba
412 1013 554 1082 fecerunt
578 1038 651 1082 cum
675 1016 757 1104 Papa
782 1027 813 1083 et
835 1015 983 1084 cardinali
1012 1016 1184 1104 praedicto,
1213 1016 1301 1106 quod
1324 1041 1379 1084 rex
1402 1016 1536 1105 Angliae
1564 1039 1669 1105 neque

295 1122 362 1188 eius
386 1140 529 1189 oratores
552 1121 602 1189 vel
626 1141 828 1190 excusatores
851 1123 1103 1207 admitterentur,
1128 1125 1181 1214 qui
1197 1147 1253 1213 per
1276 1122 1412 1191 modum
1434 1121 1667 1191 resolutionum

295 1240 468 1314 posuerant
495 1226 738 1296 informationes
768 1252 838 1296 suas
870 1228 908 1296 ad
937 1228 1160 1318 disputandum
1191 1249 1221 1297 et
1251 1229 1492 1318 disceptandum
1523 1230 1668 1297 materias

296 1356 376 1400 suas.
423 1334 500 1401 Post
527 1335 605 1402 istos
629 1336 733 1403 vocati
756 1332 882 1403 fuerunt
910 1350 1054 1404 oratores
1077 1336 1211 1423 Angliae
1237 1337 1338 1404 Dnus.
1367 1336 1491 1404 auditor
1514 1358 1667 1418 camerae,

296 1440 532 1528 Wigorniensis
556 1441 735 1530 episcopus,
759 1453 790 1508 et
814 1441 904 1509 miles
929 1441 968 1510 de
992 1442 1164 1526 casalibus,
1188 1444 1242 1533 qui
1265 1442 1367 1510 multo
1392 1442 1479 1530 plura
1501 1441 1596 1510 verba
1624 1440 1669 1508 f·

296 1559 408 1615 cerunt
430 1570 523 1636 super
539 1571 590 1629 eu,
615 1547 701 1637 quod
717 1547 867 1616 volebant
890 1548 989 1616 audiri
1013 1573 1124 1617 eorum
1149 1549 1322 1621 advocatos
1346 1560 1378 1617 et
1400 1548 1560 1637 quendam
1577 1571 1669 1616 excu-

296 1664 434 1720 satorem
458 1655 541 1741 regis
564 1666 727 1743 tamquam
754 1677 854 1722 unum
878 1654 918 1722 de
941 1654 1072 1743 populo,
1100 1655 1188 1744 quod
1210 1679 1266 1723 rex
1295 1678 1361 1722 non
1392 1666 1552 1722 teneretur
1580 1678 1669 1722 com-

295 1781 404 1845 parere
427 1782 484 1847 per
506 1783 541 1826 se
564 1758 614 1828 vel
637 1783 693 1847 per
721 1772 978 1848 procuratorem,
1007 1784 1046 1828 ex
1069 1784 1133 1850 quo
1157 1760 1346 1850 allegabatur
1370 1760 1458 1828 locus
1482 1783 1549 1827 non
1573 1772 1668 1829 tutus.

296 1866 397 1952 Super
418 1866 465 1933 his
489 1864 727 1954 allegationibus
743 1867 825 1955 Papa
849 1879 922 1954 post
945 1867 1058 1955 longas
1074 1869 1310 1950 contentiones,
1334 1867 1471 1935 dimissis
1491 1866 1669 1934 oratoribus

297 1969 430 2058 Angliae
454 1984 578 2061 sumpta
601 1971 681 2040 stola
705 1973 833 2042 aRmo.
859 1973 1006 2041 cardinali
1029 1973 1069 2042 de
1093 1973 1244 2042 Medicisl
1268 1975 1410 2041 venitin
1435 1973 1541 2040 locum
1565 1975 1669 2040 consi·

296 2079 396 2158 storii,
420 2079 505 2167 prius
533 2079 668 2167 expulsis
693 2079 841 2147 omnibus
865 2079 929 2147 fere
946 2080 1100 2168 praelatis,
1123 2080 1318 2149 auditoribus
1335 2082 1447 2163 Rotae,
1470 2078 1578 2147 multis
1594 2078 1670 2147 doc-

296 2183 417 2251 toribus
448 2195 480 2251 et
507 2184 686 2268 curialibus,
714 2186 767 2275 qui
790 2198 944 2254 venerant
975 2188 1206 2269 existimantes,
1236 2187 1462 2255 consistorium
1489 2185 1572 2254 istud
1600 2185 1669 2253 fore

297 2288 456 2377 publicum
460 2343 665 2359 .......

402 2415 479 2482 Post
502 2414 632 2503 longam
658 2439 782 2484 moram
806 2417 910 2484 vocati
934 2429 1077 2485 oratores
1100 2419 1247 2507 partium,
1270 2416 1425 2499 advocati,
1447 2436 1670 2505 procuratores

297 2543 449 2588 necnon
475 2521 602 2610 praelati
631 2535 662 2590 et
686 2521 735 2588 alii
763 2524 995 2610 praenominati
1023 2525 1233 2605 intraverunt,
1264 2535 1296 2591 et
1323 2523 1424 2590 Dnus.
1448 2521 1670 2610 Sigismundus

298 2624 447 2694 Gondula
470 2627 619 2696 Senensis
643 2628 814 2697 advocatus
838 2631 944 2718 coepit
967 2632 1070 2719 primo
1094 2652 1184 2697 suam
1208 2631 1479 2718 propositionem,
1504 2628 1669 2716 allegando

298 2757 365 2801 non
387 2745 493 2802 tutum
516 2758 679 2803 accessum
703 2736 741 2805 ad
765 2737 884 2804 curiam
907 2737 1102 2819 Romanam,
1126 2738 1159 2804 in
1183 2761 1244 2827 qua
1267 2748 1332 2804 erat
1356 2735 1530 2804 citatusad
1552 2737 1670 2804 instan-

297 2841 373 2907 tiam
402 2842 544 2929 reginae,
574 2861 605 2909 et
634 2866 700 2910 non
730 2842 834 2910 solum
863 2842 1079 2932 personaliter,
1110 2843 1166 2911 sed
1195 2867 1254 2910 nec
1282 2866 1338 2931 per
1366 2855 1604 2932 procuratores3
1638 2855 1670 2910 et

298 2970 379 3013 unus
403 2945 442 3013 de
466 2947 586 3036 populo
609 2972 668 3037 pro
692 2950 845 3017 interesse
874 2951 963 3038 regni
988 2962 1117 3017 venerat
1141 2967 1316 3031 excusator,
1346 2950 1399 3038 qui
1423 2947 1547 3038 petebat
1570 2946 1670 3015 audiri

299 3065 330 3119 et
353 3051 485 3120 admitti.
532 3054 633 3121 Dnus.
651 3054 801 3143 Aloysius
825 3055 864 3123 de
888 3056 1052 3143 Ragonia²
1074 3055 1245 3123 advocatus
1261 3056 1390 3143 reginae
1414 3065 1446 3121 et
1461 3053 1669 3141 imperialium

298 3168 462 3225 oratorum
487 3159 713 3249 respondendo
737 3163 843 3249 coepit
870 3161 1003 3250 allegare
1033 3161 1222 3229 calumniam
1251 3162 1334 3249 regis
1357 3158 1491 3248 Angliae
1520 3173 1551 3228 et
1574 3158 1670 3227 advo·

299 3276 441 3331 catomm
467 3267 543 3348 eius,
568 3268 621 3357 qui
644 3266 795 3336 auderent
817 3268 894 3335 tales
918 3268 1089 3336 calumnias
1112 3291 1293 3357 proponere
1318 3269 1350 3334 in
1366 3268 1558 3334 consistorio
1582 3266 1670 3333 etin

299 3385 472 3462 conspectu
495 3373 597 3462 Papae
622 3385 653 3441 et
676 3375 752 3441 sacri
783 3387 909 3442 senatus
933 3374 1152 3457 cardinalium,
1177 3387 1207 3442 et
1231 3372 1317 3464 quod
1348 3372 1495 3461 allegaret
1519 3386 1550 3441 et
1574 3371 1670 3442 dedu-

299 3492 385 3547 ceret
407 3480 473 3547 iura
497 3504 562 3562 sua,
587 3504 654 3547 non
677 3499 783 3548 autem
807 3494 1003 3570 proponeret
1020 3479 1242 3548 conclusiones
1266 3479 1467 3569 disputandas
1486 3480 1566 3547 sicut
1588 3480 1671 3547 inter

299 3586 505 3655 scholasticos
528 3588 624 3655 viros.

405 3709 457 3777 Sic
479 3709 698 3779 altercantibus
722 3712 858 3779 invicem
883 3711 1043 3780 advocatis
1067 3724 1099 3779 et
1115 3709 1370 3800 procuratoribus
1394 3711 1555 3800 utriusque
1575 3708 1671 3798 partis

299 3814 382 3904 Papa
409 3818 496 3905 quasi
527 3818 622 3885 iratus
652 3816 831 3905 respondit,
862 3818 947 3907 quod
979 3817 1193 3900 discederent,
1224 3819 1296 3907 quia
1325 3816 1413 3885 aliter
1441 3815 1669 3905 provideretur.

300 3920 474 3989 Cardinalis
498 3921 537 3990 de
565 3924 679 3991 Monte
708 3937 738 3992 et
765 3923 839 3992 inde
867 3923 1030 3992 cardinalis
1058 3924 1187 4013 Egidius
1217 3923 1370 3991 nonnulla
1396 3922 1490 3990 verba
1518 3920 1670 4002 fecerunt,

299 4052 379 4119 quae
407 4052 474 4096 non
503 4031 591 4117 potui
615 4029 805 4119 intelligere,
836 4042 867 4098 et
889 4030 1032 4099 similiter
1056 4045 1199 4100 oratores
1224 4031 1367 4099 Caesaris
1391 4028 1561 4111 instabant,
1584 4026 1672 4116 quod

299 4133 465 4202 adversarii
490 4134 657 4205 fundarent
680 4138 892 4205 intentionem
914 4161 1003 4205 suam
1028 4149 1060 4205 et
1080 4137 1294 4226 legitimarent
1316 4159 1467 4226 personas
1491 4158 1572 4216 suas,
1596 4134 1671 4201 alio·

300 4241 375 4330 quin
400 4265 467 4308 non
484 4240 689 4310 intendebant
711 4243 915 4332 respondere.
955 4244 1054 4311 Actus
1070 4244 1129 4312 iste
1145 4242 1264 4311 nedum
1281 4243 1382 4330 Papae
1406 4254 1438 4308 et
1454 4238 1671 4321 cardinalibus,

299 4346 355 4414 sed
372 4347 521 4415 omnibus
537 4347 654 4415 ibidem
678 4349 849 4416 astantibus
864 4350 950 4417 visus
970 4348 1028 4417 fuit
1049 4351 1175 4439 ineptus
1199 4362 1230 4417 et
1252 4349 1452 4430 inhonestus,
1475 4370 1579 4436 neque
1601 4368 1671 4434 per-

299 4454 387 4520 sonis
416 4478 519 4544 neque
547 4454 641 4522 simili
670 4479 780 4523 causae
808 4458 1012 4539 convenisse;
1047 4457 1149 4523 immo
1177 4458 1309 4545 turpiter
1338 4468 1368 4522 et
1396 4454 1613 4542 ignominiose
1636 4476 1671 4519 se

300 4560 476 4629 habuerunt
499 4573 531 4629 et
553 4563 640 4651 quasi
664 4563 773 4631 reiecti
795 4576 1003 4631 recesserunt.
1050 4562 1088 4652 (f.
1113 4561 1206 4652 218.)

407 4764 417 4795 ¹
433 4755 581 4828 Hippolyto
601 4756 634 4810 de
648 4756 753 4822 Medici,
773 4756 880 4828 Nepote
899 4756 946 4811 des
961 4757 1080 4829 Papstes,
1099 4757 1228 4811 wahrend
1247 4757 1293 4810 der
1306 4755 1450 4811 Kranlrheit
1470 4753 1517 4808 des
1535 4753 1671 4819 letzteren,

300 4826 389 4881 Anfan
424 4842 499 4899 1529,
518 4844 578 4880 zum
592 4826 717 4881 Kardinal
732 4827 859 4893 erhoben,
879 4845 922 4880 am
939 4844 959 4882 1.
972 4827 1023 4899 Juli
1040 4842 1114 4898 1532,
1134 4827 1203 4882 nach
1217 4828 1279 4881 dem
1293 4826 1370 4881 Tude
1389 4826 1511 4897 Pompeo
1524 4823 1671 4890 Colonnas,

301 4915 360 4953 zum
406 4896 553 4951 icelranzler
572 4906 691 4952 emanat.

407 4975 417 5005 ²
435 4968 570 5043 Johaunes
589 4968 715 5040 Aloysius
735 4967 767 5021 de
786 4967 943 5039 Arragonia.
980 4969 1006 5022 S.
1026 4968 1097 5022 oben
1116 4970 1141 5023 S.
1162 4983 1221 5038 207,
1240 4968 1320 5022 Anm.
1339 4982 1363 5033 4.
