3802 5606
1367 332 1435 386 Acta
1455 332 1655 388 consistorialis.

926 545 1011 629 lat.

641 715 727 774 Acta
751 713 1005 774 consistat-iulia
1035 703 1293 793 (Fortsetzung).

950 865 988 932 II.

383 1008 548 1074 Bononiae
573 1006 753 1075 deveneris
778 1007 866 1073 XXI.
891 1004 1035 1074 februarii
1057 1027 1092 1091 15
1100 1026 1115 1092 3
1122 1026 1150 1092 3.
1197 1003 1354 1072 Ecclesiae
1371 1006 1590 1073 cantuariensi
1615 1003 1654 1071 ad

278 1114 540 1202 supplicationem
565 1114 647 1201 regis
671 1113 806 1201 Angliae
830 1113 993 1200 provisum
1018 1110 1075 1179 luit
1098 1109 1137 1178 de
1161 1134 1297 1200 persona
1321 1110 1470 1179 Thomae
1488 1111 1652 1179 Cranmar.

383 1237 547 1304 Bononiae
578 1235 628 1304 die
659 1237 751 1304 lunae
781 1237 832 1304 111.
864 1237 964 1304 martii
995 1256 1088 1322 1533.
1142 1234 1305 1303 Mandavit
1334 1234 1382 1324 (S.
1416 1237 1456 1303 D.
1486 1234 1546 1324 N.)
1575 1235 1653 1302 tradi

278 1342 405 1429 pallium
431 1342 580 1410 ecclesiae
604 1344 836 1411 Cantuariensi.
883 1342 939 1431 (A.
966 1340 984 1409 l.
1012 1340 1104 1430 207.)

383 1467 444 1535 Die
467 1467 592 1534 veneris
616 1467 736 1534 XXVI.
762 1465 949 1555 septembris
971 1487 1006 1551 15
1013 1487 1028 1553 3
1035 1486 1064 1552 3.
1110 1465 1190 1533 Pisis
1214 1465 1271 1533 suit
1287 1467 1416 1533 consist.
1441 1479 1597 1534 secretum
1622 1467 1652 1533 in

277 1573 403 1661 palatio,
431 1574 462 1640 in
493 1597 557 1663 quo
587 1573 619 1640 S.
649 1575 689 1640 D.
714 1573 755 1640 N.
785 1596 852 1640 non
882 1572 998 1640 habitat
1026 1584 1086 1641 etc.
1133 1572 1203 1639 Fuit
1232 1596 1288 1660 per
1316 1573 1347 1639 S.
1378 1572 1418 1640 D.
1447 1572 1488 1639 N.
1513 1572 1552 1640 de
1576 1584 1653 1641 voto

278 1680 445 1748 Rmorum.
470 1702 622 1768 suspensa
645 1678 813 1748 declaratio
838 1702 1042 1748 censurarum
1066 1680 1262 1746 incursatum
1287 1702 1342 1767 per
1358 1679 1517 1746 Sermum.
1542 1703 1653 1768 regem

277 1785 410 1872 Angliae
434 1809 528 1874 super
551 1788 720 1868 attentatis,
744 1809 838 1874 super
861 1786 973 1875 quibus
996 1786 1069 1852 alias
1092 1783 1192 1852 fuerat
1216 1786 1442 1852 sententiatum
1466 1785 1590 1853 Romae
1615 1785 1654 1853 de

277 1916 388 1959 mense
404 1892 469 1960 iulii
486 1893 631 1979 proxime
648 1892 771 1960 decursi
795 1893 827 1959 in
844 1892 957 1959 ultimo
975 1891 1168 1959 consistorio
1184 1890 1227 1957 ibi
1243 1889 1350 1957 habito
1372 1910 1445 1958 ante
1462 1892 1653 1973 vacationes,

277 2011 308 2066 et
331 2017 406 2065 tunc
430 2021 581 2086 suspensa
605 1997 773 2066 declaratio
792 1998 944 2066 dictarum
971 2020 1174 2064 censurarum
1199 2019 1256 2085 per
1270 2009 1374 2064 totum
1400 1998 1484 2065 bunc
1507 2022 1651 2066 mensem

276 2103 464 2193 septembris
503 2129 587 2172 nunc
623 2103 662 2172 de
697 2128 785 2172 novo
821 2128 877 2193 per
912 2116 1100 2193 sequentem
1139 2126 1284 2171 mensem
1323 2105 1469 2191 proxime
1504 2104 1654 2174 futurum.

279 2210 331 2301 (a.
356 2209 376 2277 f·
403 2209 515 2300 314·)¹

383 2334 444 2401 Die
460 2335 585 2402 veneris
601 2333 710 2402 ultima
726 2334 866 2402 octobris
887 2356 898 2400 1
907 2354 922 2419 5
930 2354 980 2420 33.
1019 2331 1177 2401 Massiliae
1193 2334 1224 2400 S.
1243 2334 1283 2400 D.
1300 2333 1354 2415 N.‚
1371 2346 1541 2423 antequam
1558 2337 1655 2402 exiret

278 2439 316 2507 ad
334 2463 479 2528 vesperas
503 2441 536 2506 in
552 2441 620 2507 aula
642 2452 715 2507 ante
739 2439 917 2507 cubiculum
934 2441 1015 2507 Suae
1031 2440 1209 2507 Sanctitatis
1233 2441 1334 2508 tenuit
1358 2441 1655 2528 congregationem,

279 2547 310 2612 in
328 2569 389 2636 qua
412 2548 579 2635 proposuit
602 2545 641 2613 ad
664 2548 845 2614 instantiam
870 2548 952 2634 regis
970 2546 1231 2614 Christianissimi
1255 2568 1371 2613 novam
1392 2549 1654 2634 prorogationem

279 2654 311 2719 in
338 2651 550 2740 publicatione
579 2676 781 2721 censurarum
812 2665 1027 2721 emanaturum
1060 2653 1182 2720 Romae
1214 2664 1325 2720 contra
1355 2652 1513 2719 Sermum.
1544 2676 1655 2741 regem
1710 2672 1715 2681 ·

279 2758 414 2847 Angliae
436 2771 565 2848 propter
589 2771 771 2849 attemptata
795 2784 851 2848 per
875 2759 971 2827 Suam
995 2761 1212 2840 Maiestatem,
1241 2782 1279 2826 ex
1304 2782 1354 2843 eo,
1379 2761 1451 2848 quia
1475 2771 1655 2848 expectatur

280 2865 330 2932 hic
354 2866 483 2932 nuntius
506 2866 603 2953 ipsius
626 2867 710 2954 regis
733 2865 812 2934 infra
829 2867 948 2955 aliquot
971 2864 1043 2933 dies
1062 2865 1099 2932 ab
1116 2864 1231 2952 Anglia
1254 2889 1327 2933 cum
1345 2877 1429 2933 certa
1449 2865 1655 2947 resolutione,

280 2989 366 3038 etex
386 2970 443 3038 bac
468 2994 558 3037 causa
575 2972 636 3038 Sua
652 2971 806 3039 Sanctitas
822 2970 861 3039 de
878 2991 956 3039 voto
973 2972 1039 3040 RR.
1057 2972 1130 3039 DD.
1155 2994 1315 3055 meorum,
1339 2985 1372 3039 ut
1396 2971 1462 3060 regi
1480 2972 1654 3040 Christmo.

280 3074 480 3158 satisfaceret,
504 3075 584 3144 ultra
599 3080 862 3166 prorogationem
887 3079 920 3144 in
943 3076 1080 3166 praefata
1104 3100 1195 3145 causa
1219 3076 1332 3145 iactam
1351 3079 1431 3145 Pisis
1455 3102 1539 3144 nunc
1563 3077 1654 3146 aliam

281 3204 398 3249 novam
428 3184 690 3270 prorogationem
719 3206 813 3271 super
841 3182 1053 3270 publicatione
1083 3182 1236 3250 dictarum
1266 3206 1469 3251 censurarum
1499 3185 1656 3251 concessit

282 3310 337 3374 per
361 3299 465 3355 totum
489 3312 634 3356 mensem
659 3288 844 3356 novembris
868 3291 1014 3376 proxime
1038 3288 1187 3356 futurum.
1235 3288 1287 3378 (B.
1312 3289 1332 3355 f.
1360 3287 1473 3377 3ῑ9.)2

352 3498 361 3506 ἱ
387 3411 510 3480 Romae
539 3410 589 3479 die
613 3413 737 3480 veneris
754 3413 838 3480 VIH.
864 3413 993 3481 ianuarii
1021 3435 1031 3479 1
1040 3434 1055 3499 5
1064 3433 1114 3499 34.
1162 3413 1419 3501 comparuerunt
1442 3411 1586 3480 advocati
1608 3435 1656 3480 re-

282 3517 375 3604 ginae
399 3517 547 3605 Angliae,
577 3521 630 3608 qui
654 3520 806 3588 instanter
833 3520 1007 3607 petierunt,
1032 3542 1156 3586 causam
1186 3518 1454 3586 matrimonialem
1477 3531 1654 3586 vertentem

282 3634 331 3690 tot
354 3646 456 3691 annos
484 3625 660 3692 inteream
690 3638 721 3693 et
745 3648 854 3714 regem
883 3624 1039 3713 expediri,
1073 3624 1130 3692 fuit
1154 3624 1356 3706 conclusum,
1387 3636 1420 3692 ut
1443 3647 1534 3692 causa
1564 3647 1657 3713 expe-

283 3728 384 3796 diatur
407 3728 538 3796 celerius
561 3753 655 3818 quam
680 3750 797 3819 potest,
820 3733 950 3799 servatis
974 3743 1081 3798 tamen
1105 3730 1276 3798 servandis.
1324 3729 1380 3819 (A.
1406 3729 1425 3797 I.
1452 3730 1544 3820 aro.)

389 3852 512 3919 Romae
536 3851 586 3919 die
610 3856 734 3921 veneris
758 3854 893 3921 XXVII.
919 3853 994 3921 febr.
1020 3874 1112 3941 1534.
1159 3855 1260 3921 Dnus.
1285 3853 1489 3920 Pisauriensis
1513 3852 1586 3922 fecit
1609 3876 1656 3921 re-

284 3958 434 4026 lationem
458 3960 491 4025 in
515 3981 607 4026 causa
630 3960 805 4048 Anglicana
828 3961 1024 4028 matrimonii
1048 3962 1262 4047 interregem
1288 3971 1319 4027 et
1342 3962 1496 4048 reginam.

390 4189 480 4241 ¹Von
499 4188 599 4241 dlesem
619 4188 774 4244 Aulschube
798 4189 851 4243 und
874 4189 920 4242 der
939 4189 1093 4260 Thatiglreit
1117 4190 1164 4242 des
1187 4206 1275 4242 neuen
1300 4188 1499 4243 franzbsischen
1518 4188 1656 4242 Kardinals

284 4260 414 4313 'I'ournon
441 4259 484 4313 bei
511 4258 666 4313 demselben
693 4260 792 4330 spricht
821 4261 888 4313 auch
916 4259 963 4313 der
988 4258 1168 4314 francosische
1195 4258 1535 4315 Gesandtschaftsselrretar
1560 4259 1656 4313 Nicola

284 4330 383 4383 Raince
401 4331 436 4400 iu,
447 4330 551 4384 semem
569 4330 713 4384 Schreiben
732 4347 779 4384 aus
797 4331 857 4384 Pisa
876 4347 940 4384 vom
961 4346 1002 4400 27.
1022 4329 1180 4401 September
1202 4345 1275 4454 153p.
1313 4329 1351 4384 Le
1370 4331 1469 4398 Grand,
1489 4330 1534 4384 111.
1557 4328 1612 4401 569.

390 4407 400 4437 ¹
417 4391 490 4455 Uber
504 4400 546 4453 die
561 4402 656 4454 zweite
671 4400 905 4454 Zusammenlrunft
925 4402 1060 4455 zwisclren
1073 4400 1200 4454 Clemens
1214 4400 1251 4454 VI
1266 4444 1272 4455 .
1292 4402 1344 4454 und
1359 4401 1422 4455 Xarl
1435 4401 1467 4455 V.
1487 4419 1517 4454 zu
1533 4400 1656 4471 bologna

283 4471 447 4538 (Dezember
469 4485 534 4539 1532
555 4501 587 4510 -
607 4469 722 4525 Februar
744 4473 823 4541 1533)
842 4488 863 4525 s.
883 4473 954 4524 oben
973 4471 1019 4525 Nr.
1041 4487 1098 4541 13⁰·
1136 4472 1166 4524 In
1189 4469 1345 4526 demselben
1362 4472 1450 4543 Jahre,
1471 4487 1547 4541 1533,
1572 4473 1653 4525 sahen

283 4542 340 4595 sith
360 4540 487 4596 Clemens
502 4541 560 4595 VII.
580 4541 634 4595 und
651 4540 734 4595 Franz
754 4543 772 4596 I.
793 4559 823 4594 zu
842 4541 984 4595 Marseille.
1022 4540 1149 4595 Clemens
1169 4541 1274 4596 verliess
1293 4543 1362 4597 Rom
1381 4560 1424 4596 am
1444 4560 1467 4615 9.
1488 4542 1653 4612 September,

282 4610 401 4666 Anlrunft
420 4612 472 4666 und
490 4611 646 4666 Aufenthalt
665 4613 691 4665 in
711 4613 771 4666 Pisa
790 4625 831 4676 24.
850 4612 1008 4682 September
1027 4612 1066 4665 bis
1088 4628 1109 4681 3.
1129 4611 1258 4679 Oktober,
1277 4630 1321 4666 am
1344 4613 1382 4669 16.
1403 4612 1524 4667 Olrtober
1542 4630 1587 4667 zur
1604 4612 1655 4666 See

283 4682 402 4735 Ankunlt
421 4683 447 4735 irr
465 4682 607 4748 Marseille,
626 4700 671 4736 tvo
691 4683 736 4737 der
755 4683 835 4765 Papst
854 4682 893 4735 bis
915 4696 955 4736 12.
974 4682 1130 4736 November
1148 4682 1225 4737 blieb.
1264 4683 1365 4738 Blasius
1384 4683 1417 4737 de
1436 4684 1550 4750 Cesena,
1574 4684 1653 4736 Itine-

284 4754 351 4806 ratio
370 4752 518 4807 Clementis
537 4753 595 4807 VII.
618 4770 709 4808 versus
729 4752 853 4807 Galliam.
890 4753 969 4806 Anno
992 4768 1066 4822 1533.
1103 4753 1168 4807 Ribl.
1189 4753 1293 4809 barber.
1313 4754 1424 4808 XXXV.
1444 4753 1520 4823 45‚s
1547 4756 1595 4823 187
1614 4771 1654 4809 s.

286 4814 357 4877 Uber
381 4823 423 4876 die
447 4823 605 4894 unwurdige
630 4823 747 4894 Haltung
772 4822 911 4877 Heinrichs
925 4823 996 4877 VIII.
1020 4823 1073 4876 und
1098 4824 1185 4877 seiner
1208 4822 1372 4891 Gesandten,
1398 4825 1561 4878 namentlich
1586 4772 1653 4878 auclv

284 4893 435 4959 Gardiners,
454 4894 496 4947 bei
511 4893 689 4964 Gelegenheit
708 4894 795 4948 dieser
813 4892 1047 4947 Zosammenlrunft
1066 4911 1086 4947 s.
1101 4894 1267 4962 Friedmann,
1286 4895 1305 4951 1.
1322 4910 1372 4966 247
1386 4913 1424 4970 sq.
1461 4896 1513 4949 Die
1532 4894 1654 4950 scharfen

284 4962 427 5020 Vorwt'trfe
447 4963 536 5020 Frauz'
557 4964 575 5019 1.
596 4963 742 5035 deswegen
762 4964 803 5018 bei
822 4963 861 5017 Le
879 4963 977 5031 Grand,
997 4964 1042 5024 III.
1065 4980 1112 5035 577
1132 4981 1171 5037 sq.
