3802 5606
277 297 340 360 208
1361 310 1428 365 Acta
1448 309 1647 366 consistorialis.

276 474 432 561 aequitate
448 494 518 540 esse
533 484 653 540 tantam
670 471 854 541 dilationem
878 470 1033 561 temporis
1049 469 1186 540 dandam
1210 470 1248 539 ad
1266 470 1403 559 publicas
1419 470 1648 560 disputationes

276 578 444 661 faciendas,
467 579 555 668 quod
570 591 703 667 possent
718 581 884 667 peritiores
899 580 1004 647 ltaliae
1021 580 1162 647 instructi
1187 579 1386 645 intervenire.
1425 577 1648 646 Sanctissimus

276 686 316 754 de
340 686 475 753 consilio
496 698 528 753 et
557 709 686 753 assensu
711 687 880 754 Rmorum.
904 686 1058 766 decrevit,
1087 683 1272 753 dilationem
1296 683 1432 752 dandam
1457 709 1526 752 esse
1550 708 1648 773 usque

275 793 314 859 ad
345 794 588 860 sacratissimum
619 791 735 859 festum
768 792 960 880 Epiphaniae
990 793 1136 880 proxime
1166 805 1336 859 venturum
1367 791 1518 858 inclusive
1547 789 1586 857 ad
1614 814 1648 857 se

276 898 524 988 praeparandum
548 922 606 986 pro
631 899 843 986 disputatione
867 897 990 986 publice
1014 897 1164 965 facienda.
1203 898 1249 964 lta
1271 897 1357 986 quod
1382 898 1482 984 prima
1501 896 1553 964 die
1575 916 1647 984 post

276 1005 394 1073 dictum
418 1003 533 1071 festum
558 1006 620 1072 sint
643 1007 740 1093 parati
764 1004 804 1071 ad
827 1004 1049 1092 disputandum
1074 1003 1207 1092 publice,
1232 1023 1265 1070 ut
1281 1005 1431 1092 primum,
1455 1016 1486 1069 et
1510 1005 1578 1070 sine
1593 1026 1649 1090 spe

275 1111 432 1178 ulterioris
456 1109 625 1178 dilationis.
672 1110 729 1198 (A.
755 1109 774 1177 f.
804 1110 893 1200 192.)

382 1217 504 1284 Romae
528 1216 579 1284 die
604 1217 687 1283 VIII.
712 1217 840 1283 ianuarii
869 1236 951 1302 1532
975 1216 1032 1284 fuit
1056 1218 1298 1297 consistorium,
1327 1218 1359 1282 in
1383 1238 1449 1304 quo
1473 1216 1649 1301 comparuit

276 1336 384 1391 orator
401 1323 544 1390 Caesaris
568 1345 640 1389 cum
657 1323 742 1389 Dn0.
760 1323 828 1389 lob.
847 1323 982 1411 Aloysio
1005 1322 1162 1389 advocato
1186 1324 1313 1410 reginae
1336 1321 1470 1409 Angliae
1495 1334 1525 1388 et
1549 1322 1648 1409 petiit,

276 1443 309 1497 ut
333 1443 501 1518 postquam
526 1428 679 1496 Sanctitas
702 1429 763 1496 Sua
787 1443 860 1516 post
883 1429 987 1518 plures
1011 1429 1178 1496 dilationes
1201 1430 1452 1517 peremptorium
1476 1428 1647 1494 terminum

276 1534 461 1623 praefixerat
476 1536 560 1623 regis
575 1535 711 1621 Angliae
727 1538 902 1603 excusatori
927 1535 965 1602 ad
982 1534 1212 1623 disputationes
1236 1533 1359 1623 publice
1378 1531 1535 1601 faciendas
1552 1556 1649 1620 usque

276 1640 315 1708 ad
338 1643 476 1730 primum
492 1640 578 1709 diem
602 1640 769 1708 iuridicum
794 1654 868 1729 post
891 1642 946 1708 SS.
970 1642 1162 1730 Epiphaniae
1186 1638 1317 1723 festum,
1348 1643 1401 1729 qui
1425 1663 1496 1707 cum
1522 1641 1650 1706 instaret

276 1759 308 1815 et
331 1746 498 1816 adversarii
521 1746 562 1815 de
584 1770 644 1815 suo
667 1749 734 1814 iure
759 1746 853 1815 diffisi
875 1748 1046 1836 petitiones
1073 1749 1184 1836 petitas
1207 1745 1472 1835 subterfugerent,
1495 1744 1535 1813 ad
1558 1744 1650 1812 effec-

275 1866 344 1923 tum
373 1852 566 1942 impediendi
595 1877 706 1921 causae
737 1853 991 1942 expeditionem,
1019 1853 1174 1922 Sanctitas
1202 1853 1264 1920 Sua
1291 1852 1474 1941 dignaretur
1501 1850 1650 1918 mandare

278 1961 373 2028 Rmo.
396 1960 484 2028 Dno.
512 1959 610 2027 Paulo
634 1961 736 2028 Rotae
763 1959 916 2042 auditori,
944 1983 1069 2027 causam
1100 1959 1231 2041 referre,
1261 1978 1295 2025 ut
1323 1961 1447 2047 possint
1475 1958 1559 2024 illam
1591 1980 1649 2046 pro

277 2067 392 2135 iustitia
415 2065 574 2155 expedire.

383 2174 428 2240 Ex
451 2172 584 2241 adverso
608 2172 734 2240 fuerunt
757 2173 861 2239 vocati
888 2192 1031 2240 oratores
1054 2174 1138 2260 regis
1161 2172 1310 2259 Angliae‚
1338 2172 1391 2260 qui
1415 2171 1564 2238 introiere
1589 2191 1649 2236 una

278 2304 350 2347 cum
375 2290 559 2346 excusatore
582 2280 665 2366 regis
688 2278 838 2365 Angliae,
863 2280 916 2367 qui
940 2277 1018 2345 dixit
1039 2279 1243 2346 Sanctitatem
1269 2277 1363 2344 Suam
1389 2279 1418 2345 ei
1440 2274 1565 2343 dedisse
1587 2288 1648 2342 tet-

278 2388 401 2453 minum
424 2385 463 2453 ad
482 2383 710 2453 convocandos
726 2387 812 2451 viros
836 2384 914 2451 alios
937 2384 1041 2451 ltaliae
1064 2387 1139 2451 iuris
1155 2384 1320 2452 consultos
1343 2385 1445 2470 magis
1460 2381 1650 2470 approbatos

278 2514 336 2580 pro
359 2491 481 2579 publica
505 2489 716 2579 disputatione
745 2514 839 2579 super
863 2491 1001 2557 materiis
1025 2491 1229 2557 excusatoriis
1252 2489 1411 2571 facienda3
1444 2512 1555 2555 verum
1579 2490 1650 2577 quia

278 2597 414 2665 adbibita
437 2597 511 2665 dicti
535 2599 727 2665 excusatoris
751 2599 947 2665 exactissima
970 2595 1131 2683 diligentia
1154 2596 1316 2677 Perusiae,
1344 2595 1450 2676 Senis,
1474 2595 1650 2675 Bononiae,

278 2704 395 2772 Patavii
418 2727 477 2792 pro
493 2705 602 2792 primis
626 2706 739 2771 iurium
764 2704 917 2770 consultis
940 2715 971 2771 et
987 2726 1046 2791 pro
1062 2726 1248 2792 unaquaque
1264 2704 1472 2790 superscripta
1489 2699 1650 2782 habendis,

278 2809 319 2876 illi
343 2809 448 2877 baberi
477 2810 628 2877 hactenus
652 2809 736 2895 (non
761 2809 965 2899 potuerunt):
998 2808 1145 2877 videlicet
1168 2810 1286 2876 Decius
1314 2832 1352 2875 ex
1376 2830 1428 2888 e0,
1456 2805 1543 2896 quod
1567 2819 1650 2874 esset

278 2918 310 2982 in
334 2914 492 3005 decrepita
519 2928 635 2997 aetate,
665 2917 829 2983 Bononiae
858 2939 936 2984 vero
963 2917 1075 2983 Petrus
1102 2914 1215 2983 Paulus
1243 2915 1389 2982 Perusius
1418 2937 1456 2980 ex
1485 2936 1536 2993 eo,
1563 2911 1650 3001 quod

278 3021 335 3089 luit
358 3021 415 3088 sibi
439 3021 632 3111 prohibitum
657 3021 694 3088 ab
718 3021 913 3103 adversariis,
937 3045 1036 3089 nese
1059 3023 1285 3089 intromitteret
1308 3019 1470 3108 prodictu
1494 3042 1569 3107 rege
1586 3020 1651 3084 An·

278 3129 359 3217 gliae
391 3130 422 3195 in
452 3152 508 3195 sua
538 3152 644 3211 causa,
675 3129 792 3195 Patavii
822 3140 989 3216 postremo
1017 3129 1119 3196 Dnus.
1148 3127 1396 3195 Franceschinus
1427 3124 1467 3193 de
1491 3124 1590 3192 Cutte
1619 3136 1651 3191 et

279 3236 438 3303 Marianus
460 3234 606 3316 Socinm,
635 3235 707 3322 quia
729 3233 769 3300 ad
796 3236 976 3301 instantiam
1000 3247 1032 3302 et
1060 3233 1308 3322 prohibitionem
1337 3232 1587 3299 adversariorum
1611 3233 1651 3296 si·

280 3342 395 3408 militer
417 3339 474 3409 suit
498 3342 543 3408 eis
570 3339 782 3428 prohibitum,
810 3364 908 3407 nese
932 3342 1181 3408 intromitterent
1205 3342 1237 3406 in
1261 3338 1343 3407 dicta
1367 3362 1459 3405 causa
1482 3361 1540 3424 pro
1564 3336 1651 3404 dicto

278 3471 366 3536 rege,
389 3447 427 3514 ad
451 3447 571 3515 Urbem
595 3470 654 3535 pro
679 3446 891 3535 disputatione
914 3449 1086 3535 praemissa
1108 3449 1217 3514 venire
1240 3470 1274 3513 se
1297 3469 1364 3512 non
1394 3467 1489 3532 posse
1512 3466 1650 3510 asserue-

279 3567 361 3621 mnt.
400 3554 438 3620 Et
461 3576 534 3621 cum
558 3551 725 3641 supradicti
742 3552 1001 3635 franceschinus,
1025 3554 1185 3619 Marianus
1208 3551 1337 3619 sublatis
1359 3549 1503 3638 praefatis
1520 3548 1651 3637 impedi-

280 3661 396 3727 mentis
412 3660 520 3727 venire
543 3662 639 3747 parati
663 3672 762 3741 erant,
785 3658 939 3747 supplicat
961 3658 1120 3726 humiliter
1143 3657 1320 3746 praedictus
1344 3668 1509 3724 excusator
1532 3655 1651 3723 Sancti-

279 3768 334 3834 tati
357 3767 505 3848 Vestrae,
534 3778 688 3854 quatenus
716 3765 898 3854 dignaretur
927 3767 959 3832 in
983 3767 1163 3853 praemissis
1195 3776 1377 3853 opportune
1406 3762 1589 3851 providere,
1618 3776 1651 3830 ut

281 3872 418 3960 exceptis
434 3872 548 3953 Decio,
572 3871 611 3939 de
636 3874 723 3939 cuius
746 3871 883 3939 adventu
907 3883 1035 3960 propter
1059 3884 1194 3939 aetatem
1218 3869 1410 3959 praedictam
1435 3869 1511 3936 nihil
1535 3870 1651 3958 sperari

280 3990 404 4068 posset,
433 4000 505 4045 cum
535 4000 600 4044 non
617 3976 818 4058 adventum,
847 3976 904 4044 sed
932 3989 1071 4044 mortem
1101 3978 1197 4065 ipsius
1226 4000 1264 4043 ex
1292 3977 1471 4064 arreptione
1496 3975 1650 4065 (itineris)

281 4082 511 4173 expectandum
544 4082 612 4150 fore
643 4082 828 4165 affirmaret,
858 4096 889 4151 et
914 4084 1097 4165 Vincentio,
1126 4083 1304 4150 Sanctitatis
1329 4082 1461 4149 Vestrae
1492 4081 1650 4149 licentiam

280 4215 339 4279 pro
362 4189 502 4258 libertate
526 4188 674 4256 veniendi
703 4192 886 4278 nuperrime
909 4191 955 4256 eis
978 4191 1170 4278 impertitam
1195 4190 1290 4256 ceteri
1320 4189 1509 4276 tempestive
1538 4185 1651 4254 habere

281 4308 422 4385 possent.
470 4295 526 4386 (A.
551 4294 571 4362 f.
600 4297 689 4384 193.)

389 4524 477 4578 ¹Von
492 4524 543 4578 den
562 4525 619 4579 hier
637 4533 790 4596 genannten
805 4525 971 4579 Kanonisten
991 4526 1032 4591 ist,
1051 4524 1187 4648 Philipgus
1204 4524 1302 4578 Dexius
1321 4538 1542 4647 ausgenommen,
1561 4522 1652 4593 wenig

281 4594 403 4649 bekannt.
435 4594 588 4649 Franciscus
601 4596 635 4649 de
648 4595 730 4649 Curte
749 4596 781 4648 ist
801 4596 922 4649 erwihnt
941 4596 983 4649 bei
997 4594 1114 4663 Schulte,
1156 4594 1228 4649 esch.
1248 4595 1295 4648 der
1308 4595 1372 4657 Que
1383 4594 1427 4649 len
1445 4594 1499 4648 und
1511 4593 1652 4647 Litteratur

281 4665 328 4718 des
347 4665 528 4719 kanonischen
546 4666 671 4731 Rechtes‚
690 4664 723 4719 ΙΙ.
744 4679 802 4737 294,
824 4681 846 4731 r,
865 4665 934 4719 nach
953 4667 1042 4720 einem
1061 4665 1155 4737 papstl.
1174 4664 1297 4737 Prim'leg
1324 4664 1454 4736 Bologna,
1473 4663 1498 4719 6.
1519 4664 1563 4719 Ill.
1587 4679 1650 4733 1533

281 4735 371 4803 (Brev.
395 4736 459 4790 min.
480 4736 532 4791 vol.
557 4739 604 4804 46,
629 4755 661 4807 n.»
678 4737 722 4804 58)
745 4753 802 4789 war
827 4753 855 4789 er
878 4736 975 4790 bereits
999 4737 1049 4790 seit
1074 4736 1224 4860 mulam
1247 4735 1388 4790 Professor
1410 4733 1457 4789 des
1483 4734 1651 4789 Zivilrechtes

281 4804 341 4859 teils
359 4807 386 4859 in
404 4807 492 4872 Pania,
511 4806 571 4860 tells
589 4809 616 4861 in
634 4806 738 4872 Padum
762 4805 896 4860 Marianus
915 4807 1036 4874 Sociaus,
1056 4806 1108 4861 Sch
1137 4815 1172 4873 te,
1193 4806 1225 4861 11.
1242 4822 1288 4875 355
1310 4807 1355 4876 (zu
1375 4805 1651 4876 unterscheidenyon

282 4878 370 4930 elnetn
389 4876 487 4930 andern
505 4876 639 4931 Marianus
657 4877 770 4931 Socinus
789 4894 836 4931 aus
855 4877 901 4930 der
919 4877 996 4931 Mitte
1014 4877 1061 4931 des
1079 4893 1117 4946 15.
1136 4877 1336 4949 Jahrhunderts,
1356 4877 1410 4931 das.
1429 4876 1462 4931 Il.
1478 4879 1548 4948 319).
1580 4876 1653 4930 Uber

282 4946 380 4999 Dexius
400 4966 420 5001 s.
440 4948 510 5001 oben
530 4946 554 5001 S.
579 4949 627 5001 180
646 4947 662 5003 s.
700 4947 770 5001 Dem
790 4947 987 5002 vorstehenden
1007 4948 1148 5001 Abschnitt
1167 4948 1214 5001 der
1232 4948 1488 5001 Konsistorialaltten
1507 4947 1653 5018 entspricht
