3842 5592
256 394 323 451 1529
341 378 408 450 Juni.
516 409 520 415 ‚

910 574 969 656 47.

315 733 552 821 Campeggio
576 757 616 800 an
638 733 711 818 lac.
736 731 904 800 Salviati.
951 730 1101 812 London,
1129 733 1178 797 16.
1204 728 1268 797 und
1295 732 1344 798 18.
1367 731 1440 816 Juni
1469 751 1561 817 1529.

362 892 575 964 Vorbereitungen
585 893 638 962 fiir
651 893 700 945 den
717 890 819 945 Termiu
837 891 935 944 011118.
949 891 1018 959 Jurri.
1056 890 1166 944 Zweiter
1179 889 1272 943 Besuch
1289 890 1335 943 der
1348 889 1464 961 Konigin
1477 889 1625 943 Karkarina

253 982 292 1033 bei
312 981 476 1053 Campeggio.
515 980 646 1034 schreibm
666 980 792 1034 Salviotis
815 998 874 1033 vom
895 997 934 1048 15.
960 980 1026 1033 Mai.
1062 979 1249 1049 Vermutungen
1273 979 1333 1031 uber
1355 979 1401 1031 das
1423 978 1556 1031 Verbalten
1578 979 1625 1031 der

252 1069 369 1141 Kdnr'ga'n
391 1070 431 1122 bei
452 1070 508 1122 dean
531 1070 738 1123 levorstehenden
763 1069 863 1140 Beginn
886 1069 929 1122 des
951 1068 1208 1138 Proqessversahrens.
1249 1067 1340 1136 Grosse
1364 1067 1573 1138 Zurrickhaltung
1596 1069 1624 1120 in

253 1158 375 1229 England
393 1159 538 1230 gegenaber
560 1159 608 1211 den
626 1158 838 1229 Vcrhandlungen
861 1160 890 1210 in
911 1157 1035 1211 Cambrar'
1058 1155 1112 1226 (16.
1131 1156 1213 1225 June).
1254 1144 1320 1208 Ilber
1339 1157 1382 1209 die
1401 1156 1624 1228 1111εὸ111311εᾶ3-
1704 1170 1709 1175 ·

252 1248 379 1317 teiliguug
396 1248 439 1300 des
456 1246 557 1320 Papstes
575 1265 609 1300 an
627 1248 676 1300 dan
691 1246 1031 1317 Friedeuroerhandlrmgen.
1068 1245 1156 1299 Erster
1169 1244 1373 1317 provisorisrher
1387 1244 1487 1298 Bericht
1505 1245 1565 1298 tiber
1583 1245 1625 1298 die

254 1334 421 1389 Protestation
439 1337 492 1388 311ιᾶ
511 1335 673 1408 Appellation
691 1336 737 1388 der
756 1335 873 1407 Konigin
891 1353 934 1389 am
953 1342 1033 1388 ersten
1054 1333 1228 1404 Gerichtstage
1248 1332 1301 1403 (18.
1321 1333 1403 1402 juni).

358 1492 527 1581 Magnifice
550 1506 609 1563 etc.
656 1495 730 1563 Con
754 1506 864 1584 questa
886 1497 955 1561 sara
977 1492 997 1560 il
1020 1492 1199 1582 dupplicato
1219 1491 1258 1561 de
1281 1490 1310 1559 le
1334 1490 1443 1559 ultime
1466 1492 1541 1574 mie,
1566 1491 1624 1559 che

252 1597 346 1666 furon
369 1598 409 1667 de
431 1600 492 1683 IV;
521 1602 599 1688 pero
628 1623 694 1667 non
718 1601 762 1668 ho
790 1599 928 1688 bisogno
952 1599 991 1668 de
1021 1598 1171 1688 replicare
1198 1597 1303 1688 quello
1334 1597 1393 1666 che
1421 1622 1474 1665 me
1496 1596 1625 1665 indusse

252 1703 370 1773 allhora
392 1729 410 1773 a
428 1708 575 1789 scrivere,
599 1706 657 1773 che
673 1705 706 1773 fu
729 1705 866 1774 l'havere
882 1705 956 1774 dato
980 1707 1135 1794 principio
1159 1729 1176 1772 a
1192 1717 1301 1794 questa
1325 1716 1434 1772 nostra
1450 1727 1542 1772 causa
1561 1727 1624 1772 con

253 1810 389 1880 l'havere
412 1811 538 1881 decreta
565 1836 628 1880 una
660 1814 810 1881 citatione
833 1836 850 1880 a
874 1814 976 1902 questi
1000 1813 1113 1880 Sermi.
1138 1836 1172 1879 re
1196 1835 1251 1901 per
1274 1810 1295 1878 li
1318 1810 1427 1878 XVIII
1450 1809 1481 1878 di
1511 1822 1625 1900 questo

252 1942 351 2001 mese,
374 1918 405 1986 lo
430 1918 500 2008 qual
523 1920 662 1987 termino
686 1943 754 1987 non
779 1943 830 1987 era
853 1942 951 1987 ancor
974 1920 1088 2007 gionto
1112 1942 1130 1986 a
1153 1919 1255 2009 quest'
1279 1917 1358 1986 hora
1381 1916 1467 1997 ch'io⁴
1489 1918 1624 2000 scrivea3

253 2027 330 2113 pero
354 2049 421 2093 non
445 2038 560 2114 poteva
584 2027 665 2094 circa
689 2024 717 2093 la
740 2027 971 2114 comparitione
995 2023 1064 2094 dirli
1087 2024 1178 2093 altro.
1224 2026 1266 2093 Se
1289 2036 1398 2115 questa
1424 2022 1535 2092 lettera
1558 2047 1624 2091 non

252 2132 295 2198 mi
319 2133 420 2198 uscira
443 2130 475 2199 di
497 2155 594 2199 mano
618 2134 719 2220 prima
735 2132 794 2200 che
818 2133 861 2199 sia
884 2133 998 2219 gionto
1023 2130 1043 2198 il
1066 2133 1182 2220 giorno
1206 2133 1345 2213 statuito,
1369 2153 1386 2197 a
1409 2128 1492 2218 piedi
1509 2128 1541 2197 di
1557 2152 1626 2197 essa

251 2235 280 2303 le
303 2239 499 2326 sogiugnerr')
523 2237 544 2305 il
566 2241 702 2327 seguito

356 2343 380 2410 Il
403 2368 436 2412 re
460 2344 539 2412 hieri
561 2344 594 2412 fu
614 2345 652 2414 de
676 2346 800 2413 ritorno
817 2368 834 2411 3
851 2344 1046 2427 Granvicho,
1070 2343 1166 2412 credo
1189 2366 1246 2432 per
1263 2366 1367 2410 essere
1391 2366 1408 2411 a
1431 2354 1544 2432 questo
1563 2353 1626 2409 ter·

252 2452 342 2518 mino
366 2452 418 2539 pin
441 2452 637 2541 propinquo,
662 2465 693 2519 et
715 2451 743 2518 la
766 2452 853 2518 reina
876 2449 927 2518 nel
950 2473 1075 2539 passare
1099 2448 1179 2519 oltre
1203 2452 1296 2538 passo
1319 2449 1439 2538 l'acqua
1467 2460 1499 2516 et
1520 2471 1625 2516 venne

252 2558 503 2641 aritruovarnri,
527 2570 558 2625 et
581 2582 637 2647 per
660 2558 758 2645 gratia
782 2556 822 2625 de
844 2555 873 2624 13
897 2557 961 2624 mie
984 2555 1136 2645 podagre,
1160 2556 1219 2623 che
1242 2579 1260 2622 a
1283 2566 1393 2645 questa
1407 2552 1494 2622 volta
1517 2553 1624 2621 hanno

253 2687 314 2731 con
340 2688 409 2731 esse
432 2665 465 2730 in
482 2665 671 2753 compagnia
695 2687 737 2730 un
761 2686 845 2752 poco
862 2661 893 2731 di
917 2662 1102 2731 alteratione
1119 2661 1158 2730 de
1181 2661 1269 2745 febri,
1293 2659 1409 2729 sinoal
1431 2658 1521 2742 letto,
1545 2661 1624 2727 assai

252 2771 342 2837 anxia
366 2781 398 2837 et
419 2769 565 2858 perplexa
588 2771 639 2838 ne'
664 2771 726 2837 rasi
750 2765 831 2853 suoi,
855 2781 887 2837 et
909 2768 937 2836 la
960 2771 1095 2856 sagione
1111 2767 1141 2836 di
1165 2781 1275 2858 questa
1298 2791 1353 2835 sua
1375 2778 1492 2835 venuta
1513 2764 1547 2833 lu
1569 2789 1625 2854 per

253 2875 355 2959 dirmi,
379 2876 437 2944 che
460 2875 480 2943 li
503 2877 648 2946 advocati
670 2878 752 2959 suoi,
776 2877 834 2945 che
850 2875 997 2945 doveano
1021 2877 1130 2944 venire
1153 2874 1185 2943 di
1201 2873 1342 2956 Fiandra,
1367 2896 1433 2940 non
1455 2873 1625 2955 venivano,

252 2982 368 3069 perche
392 3005 520 3071 pareva,
544 2983 603 3052 che
627 2984 744 3054 Cesare
768 2984 899 3051 havesse
922 2982 1000 3051 fatto
1024 2981 1190 3051 intendere
1212 2981 1299 3064 loro,
1329 2981 1388 3049 che
1411 3004 1479 3048 non
1501 2979 1624 3063 voleva,

252 3088 368 3176 perche
391 3088 419 3156 la
441 3089 526 3178 plaza
550 3114 616 3158 non
641 3094 659 3158 e
682 3092 798 3174 sicura,
829 3103 860 3159 et
882 3092 961 3179 perd
992 3090 1050 3158 che
1074 3112 1109 3157 se
1131 3088 1251 3158 vedeva
1282 3088 1429 3157 destituta
1451 3086 1482 3156 di
1507 3087 1557 3155 chi
1580 3085 1625 3155 di·
1725 3131 1738 3152 .

252 3217 339 3263 cesse
362 3194 391 3263 la
413 3197 545 3284 ragione
568 3221 634 3280 soa,
659 3196 717 3265 che
740 3196 863 3265 benche
885 3196 1018 3265 havesse
1041 3197 1094 3286 qui
1110 3195 1212 3264 alcuni
1235 3194 1303 3264 altri
1328 3194 1508 3282 consiglieri
1527 3195 1624 3283 assig-

252 3300 337 3369 natili
361 3300 410 3370 dal
432 3326 481 3385 re,
511 3326 569 3391 pur
592 3303 651 3370 che
674 3327 727 3371 era
755 3302 825 3372 facil
849 3326 923 3371 cosa
946 3326 964 3370 a
986 3301 1130 3385 credere,
1154 3302 1213 3369 che
1236 3303 1268 3368 in
1291 3313 1375 3370 tutto
1400 3300 1624 3369 mirarebbono

252 3407 305 3494 pila
328 3405 356 3474 31
379 3406 486 3475 volere
511 3407 561 3476 del
585 3432 636 3492 re,
668 3410 727 3477 che
750 3409 778 3477 al
800 3409 939 3498 bisogno
970 3432 1045 3493 suo;
1074 3407 1159 3476 onde
1189 3409 1233 3475 mi
1265 3406 1450 3476 dimandava
1480 3408 1565 3475 aiuto
1595 3419 1626 3476 et

252 3512 418 3601 consiglio.
440 3514 500 3614 'Io
529 3514 747 3604 rispondendo
776 3514 805 3583 la
833 3514 989 3583 3011101131
1012 3513 1051 3583 ad
1079 3513 1194 3582 havere
1217 3513 1304 3581 buon
1335 3514 1444 3580 animo
1473 3525 1505 3581 et
1533 3536 1574 3581 ne
1596 3513 1625 3581 la

251 3620 366 3687 iustitia
389 3618 439 3687 del
462 3643 497 3688 re
513 3632 545 3688 et
567 3645 608 3688 ne
623 3620 652 3688 13
675 3624 870 3690 conscientia
893 3634 924 3689 et
940 3620 1078 3689 dottrina
1094 3619 1134 3689 de
1157 3622 1260 3711 questi
1275 3618 1395 3709 prelati,
1419 3619 1478 3688 che
1494 3619 1523 3688 13
1539 3642 1624 3687 sono

252 3727 399 3814 assignati
431 3749 486 3814 per
510 3726 705 3816 consiglieri,
738 3740 770 3796 et
793 3730 852 3796 che
875 3740 975 3795 stesse
999 3729 1116 3809 sicura,
1147 3727 1206 3794 che
1235 3725 1274 3795 da
1303 3727 1360 3794 noi
1382 3725 1477 3814 legati
1508 3750 1574 3795 non
1598 3729 1625 3794 si

251 3830 377 3900 sarebbe
399 3855 433 3899 se
456 3856 523 3899 non
547 3846 665 3922 quanto
689 3833 773 3902 fusse
797 3833 828 3902 di
851 3835 967 3903 iustitia
991 3846 1023 3902 et
1046 3833 1077 3902 di
1100 3834 1242 3921 ragione.

357 3938 415 4005 Poi
439 3939 483 4005 1111
507 3937 657 4007 dimando
681 3939 805 4009 deliris
836 3939 1006 4030 pendentia
1029 3951 1061 4008 et
1085 3963 1178 4007 corne
1201 3941 1228 4006 si
1250 3951 1379 4028 potesse
1406 3940 1560 4007 innovare
1583 3938 1625 4006 al-

252 4068 332 4112 cuna
355 4068 430 4112 cosa
452 4043 622 4133 pendendo
646 4046 675 4114 la
691 4070 783 4115 causa
805 4048 838 4113 111
854 4047 959 4115 Roma
980 4047 1083 4113 inanzi
1107 4070 1125 4112 a
1148 4046 1210 4114 Sua
1224 4045 1344 4114 Santitd
1364 4043 1625 4114 dimandandomi

252 4149 323 4240 quel
346 4150 430 4218 ch'io
455 4153 572 4239 sapessi
594 4150 624 4220 di
642 4165 751 4242 questa
770 4175 854 4235 cosa,
879 4164 911 4221 et
933 4176 968 4221 se
990 4151 1019 4220 la
1042 4176 1134 4220 causa
1149 4175 1202 4220 era
1224 4165 1369 4235 avocata;
1394 4164 1426 4219 et
1448 4150 1477 4219 le
1500 4153 1624 4239 risposi‚

253 4257 311 4326 che
333 4280 351 4324 a
373 4281 426 4326 me
450 4271 599 4327 constava
622 4282 678 4347 per
700 4258 811 4329 lettere
834 4258 874 4328 de
897 4259 961 4327 XV
985 4256 1036 4327 del
1059 4271 1194 4347 passato,
1219 4259 1277 4326 che
1300 4282 1356 4347 per
1379 4258 1541 4341 instantia,
1566 4257 1625 4325 che

253 4386 293 4431 ne
316 4363 400 4431 fusse
415 4362 499 4447 satta,
522 4363 797 4433 lacommissione
820 4388 887 4432 non
907 4389 959 4434 era
982 4367 1114 4455 signata,
1139 4378 1170 4433 et
1184 4388 1241 4454 per
1264 4376 1388 4454 questo,
1412 4364 1471 4432 che
1487 4363 1516 4432 la
1532 4386 1625 4432 causa

252 4493 319 4537 non
343 4468 486 4558 pendeva
508 4471 540 4537 in
565 4485 670 4554 corte,
694 4484 726 4540 et
749 4471 807 4539 che
832 4470 977 4539 havendo
1001 4472 1064 4539 Sua
1087 4471 1207 4539 Santita
1229 4470 1367 4560 deputati
1391 4469 1467 4538 duoi
1489 4467 1625 4558 legatia

252 4588 361 4664 questa
377 4577 562 4664 cognitione
578 4601 645 4644 non
665 4601 758 4644 senza
775 4577 929 4666 consiglio
947 4591 979 4646 et
993 4576 1213 4660 fundamento,
1238 4576 1297 4645 che
1315 4600 1382 4644 non
1405 4575 1434 4642 la
1452 4577 1624 4659 revocaria,

253 4705 287 4748 se
310 4706 376 4750 non
393 4705 454 4749 con
478 4705 557 4770 gran
572 4681 764 4751 discretione
785 4695 817 4750 et
833 4682 1097 4751 consideratione.
1140 4684 1185 4750 La
1201 4681 1359 4771 confortai
1379 4706 1397 4748 a
1419 4704 1531 4770 pregar
1547 4682 1624 4764 Dio,

253 4787 311 4854 che
333 4786 361 4854 la
385 4786 575 4856 illuminasse
599 4788 629 4857 di
653 4788 781 4878 pigliare
809 4791 841 4856 in
870 4802 979 4879 questa
1006 4802 1092 4858 tanta
1122 4788 1271 4858 difficultl
1299 4785 1430 4877 qualche
1457 4786 1542 4855 bona
1563 4789 1624 4872 via,

254 4893 484 4962 considerando
507 4894 588 4963 bene
611 4894 633 4963 il
656 4907 738 4964 stato
762 4920 821 4963 suo
841 4908 873 4964 et
894 4895 916 4963 li
939 4898 1038 4985 tempi
1062 4909 1093 4964 et
1117 4895 1137 4963 il
1159 4894 1223 4963 fine
1247 4892 1338 4962 dele
1363 4916 1448 4977 cose,
1472 4892 1624 4962 donando

254 5022 271 5065 a
293 4999 356 5067 Dio
380 5025 400 5068 o
424 5013 508 5069 tutto
532 5025 552 5068 0
575 5001 604 5070 13
626 5003 774 5091 maggior
803 5014 891 5091 parte
915 5001 946 5070 di
969 5003 1072 5091 questi
1099 5003 1170 5069 suoi
1192 5000 1318 5068 affanni.
1364 5000 1403 5067 Et
1432 4999 1555 5068 benche
1579 5002 1625 5070 sia
