3836 5598
259 344 324 401 153⁰
341 328 399 403 juli.
1559 311 1623 381 157

255 491 326 580 quia
348 503 414 558 erat
436 490 474 558 ab
498 490 588 557 omni
610 489 733 558 ratione
756 489 910 572 alienum,
934 484 1021 579 qnod
1045 488 1133 573 illud,
1158 486 1244 581 quod
1269 490 1397 559 deberet
1420 492 1525 580 sequi,
1549 504 1625 559 tunc

254 594 465 684 praecederet,
489 595 641 678 secund0,
666 599 737 685 quia
754 609 818 665 erat
836 597 1054 679 inhonestum,
1079 610 1112 664 ut
1127 600 1294 679 sententia,
1318 616 1486 686 antequam
1504 620 1625 684 cogno-

254 716 403 785 sceretur,
428 702 515 792 quod
539 715 622 770 esset
644 704 703 770 rite
729 714 759 769 et
782 714 867 769 recte
883 701 953 783 lata,
978 701 1229 784 confirmaretur,
1252 704 1347 770 tertio
1364 704 1434 792 quia
1458 701 1564 769 forsan
1588 703 1625 770 ab

256 831 290 875 ea
314 807 529 897 appellaretur,
560 822 591 875 et
619 808 780 896 pendente
808 808 1016 896 appellatione
1045 832 1112 875 non
1140 822 1263 897 poterat
1287 808 1483 891 confirmari,
1514 829 1625 899 quarto

255 916 325 1003 quia
353 937 419 980 non
445 913 590 997 decebat,
620 913 810 981 Pontificem
838 916 870 980 in
894 938 928 981 re
951 916 1029 981 tanti
1052 914 1232 1002 praeiudicii
1256 915 1440 997 ostendere,
1471 915 1557 1005 quod
1581 914 1625 981 di-

254 1022 392 1087 vortium
422 1022 484 1087 hoc
513 1019 672 1087 affectaret
701 1032 732 1087 et
763 1022 817 1087 uni
845 1023 923 1108 parti
954 1022 1054 1108 magis
1086 1044 1180 1110 quam
1211 1020 1298 1088 alteri
1327 1020 1454 1088 faveret.
1501 1020 1626 1088 Obtulit

254 1139 361 1193 tamen
380 1127 493 1194 Vestra
517 1127 681 1207 Sanctitas,
705 1138 872 1215 postquam
897 1127 957 1193 lata
981 1124 1104 1208 fuisset,
1128 1129 1214 1216 quod
1239 1140 1332 1214 prout
1356 1128 1413 1193 iuri
1431 1129 1626 1194 conveniens

255 1231 347 1313 foret,
371 1256 405 1298 se
430 1232 513 1299 illam
538 1231 823 1300 confirmaturam.¹

360 1338 473 1406 Tertio
496 1337 643 1426 petebant
664 1352 816 1420 oratores,
842 1351 874 1405 ut
893 1362 985 1405 causa
1009 1340 1261 1406 committeretur
1286 1340 1317 1404 in
1342 1337 1478 1426 partibus
1503 1338 1626 1407 duobus

256 1443 459 1510 cardinalibus
476 1443 711 1532 cognoscenda,
737 1457 767 1511 et
784 1444 855 1511 licet
879 1442 919 1510 de
936 1445 1036 1510 causis
1059 1442 1198 1531 allegatis
1222 1455 1332 1511 contra
1356 1443 1625 1531 dispensationem

255 1573 310 1637 per
334 1550 529 1617 consiliarios
553 1550 732 1617 Sanctitatis
748 1552 881 1617 Vestrae
906 1549 1107 1632 dubitaretur,
1131 1563 1238 1617 tamen
1262 1552 1334 1637 quia
1358 1549 1455 1618 multa
1479 1562 1626 1639 poterant

256 1658 286 1722 in
311 1656 447 1743 partibus
471 1656 596 1744 probari
620 1669 651 1724 et
674 1655 825 1724 verificari
850 1669 942 1723 etex
966 1653 1169 1723 confessione
1193 1658 1321 1742 reginae
1344 1658 1377 1723 in
1401 1658 1546 1724 examine
1565 1681 1625 1725 suo

255 1761 400 1831 faciendo
424 1762 593 1844 clarificari,
617 1762 783 1852 exquibus
807 1786 864 1850 pro
883 1762 1019 1829 divortio
1045 1773 1127 1829 esset
1149 1760 1363 1843 iudicandum,
1387 1763 1495 1830 libenti
1518 1765 1626 1830 animo

255 1868 408 1936 Sanctitas
424 1871 538 1937 Vestra
566 1894 638 1937 cum
664 1869 753 1938 dictis
782 1870 875 1936 etiam
900 1867 1117 1936 favorabilibus
1142 1868 1204 1936 boc
1227 1871 1385 1936 concessit
1413 1880 1444 1936 et
1467 1868 1627 1958 deputavit

256 1974 436 2057 cardinales,
460 1999 539 2065 quos
556 1977 614 2065 ipsi
631 1996 774 2044 oratores
791 1975 963 2062 elegerunt.
1002 1975 1079 2042 Non
1100 1976 1217 2041 curavit
1234 1976 1328 2042 etiam
1345 1974 1497 2043 Sanctitas
1513 1976 1627 2044 Vestra

256 2079 294 2147 de
318 2083 383 2169 ipsa
411 2105 502 2148 causa
527 2104 739 2168 cognoscere,
768 2084 839 2172 quia
862 2079 993 2148 assiduis
1017 2080 1277 2168 occupationibus
1307 2081 1457 2169 impedita
1481 2104 1548 2149 non
1571 2105 1627 2170 po-

254 2200 333 2254 terat
365 2189 543 2275 cognitioni
575 2211 737 2255 causarum
771 2187 949 2269 intendere,
983 2200 1014 2254 et
1046 2210 1086 2254 ne
1120 2185 1308 2254 desiderium
1344 2189 1441 2275 regis,
1473 2189 1627 2275 cupientis

256 2316 380 2360 causam
398 2292 539 2361 celeriter
563 2293 712 2382 expediri,
736 2292 850 2361 diutius
866 2294 1083 2382 protelaretur,
1107 2292 1193 2381 quod
1210 2294 1405 2381 contigisset,
1428 2294 1454 2359 si
1474 2292 1627 2362 Sanctitas

255 2399 369 2467 Vestra
393 2398 432 2467 de
456 2423 547 2467 causa
571 2402 786 2488 cognovisset,
810 2420 939 2488 propter
962 2398 1100 2467 infinitas
1123 2398 1203 2466 illius
1228 2401 1462 2487 occupationes.

360 2506 485 2574 Deinde
502 2507 655 2575 Sanctitas
667 2508 782 2574 Vestra
804 2507 992 2594 procuravit,
1016 2505 1102 2594 quod
1118 2506 1228 2573 Rmus.
1254 2504 1416 2572 cardinalis
1433 2505 1626 2594 Campegius

257 2608 287 2677 in
311 2612 460 2701 Angliam
484 2636 579 2702 qnam
604 2615 742 2701 primum
766 2611 1028 2700 proficisceretur,
1057 2630 1091 2678 ut
1113 2613 1218 2699 regiae
1242 2612 1397 2678 Maiestati
1426 2610 1625 2679 satisfaceret.

360 2717 554 2799 Successive,
579 2742 651 2784 cum
677 2720 708 2783 in
728 2719 842 2805 Anglia
865 2720 973 2806 regina
997 2717 1180 2785 ostenderet
1203 2719 1327 2805 copiam
1352 2717 1454 2784 brevis
1478 2716 1626 2785 obtentae

259 2822 512 2911 dispensationis,
542 2847 614 2890 cunr
644 2823 741 2891 dicta:
773 2844 804 2891 et
834 2848 871 2891 ex
901 2823 966 2890 aliis
995 2826 1095 2890 causis
1123 2824 1265 2891 animum
1296 2836 1440 2891 nostrum
1471 2825 1627 2890 moventi·

258 2928 324 3011 bus,
349 2935 418 3011 —,²
447 2953 526 3019 quae
550 2952 616 2996 non
641 2951 688 2996 est
719 2931 750 2996 in
775 2932 934 2998 autentico
958 2953 1057 3017 penes
1080 2953 1190 3018 regern
1214 2931 1370 3012 existenti,
1404 2931 1490 2996 missi
1514 2941 1627 2996 sunta

257 3058 331 3123 rege
355 3035 392 3102 ad
416 3035 620 3103 Sanctitatem
638 3036 786 3103 Vestram
810 3049 952 3104 oratores
976 3037 1032 3103 Dr.
1050 3037 1227 3123 Stephanus
1252 3048 1282 3104 et
1303 3036 1449 3126 P(etrus)
1466 3037 1572 3103 Vanni
1597 3051 1628 3103 et

257 3140 297 3207 D.
321 3142 462 3223 Brianus,
487 3155 520 3208 ut
543 3142 697 3210 Sanctitas
714 3143 827 3209 Vestra
851 3142 945 3210 breve
969 3141 1043 3209 illud
1066 3141 1178 3210 falsum
1202 3144 1434 3230 pronuntiaret,
1463 3142 1550 3231 quod
1574 3165 1628 3209 ne-

256 3267 365 3333 gatum
388 3247 456 3330 fuit,
480 3251 551 3336 quia
575 3250 691 3316 iustum
716 3272 783 3315 non
808 3263 888 3331 erat,
912 3249 998 3337 quod
1022 3248 1112 3331 illud,
1136 3249 1175 3316 de
1199 3272 1263 3337 quo
1288 3272 1354 3315 non
1379 3248 1545 3336 apparebat
1569 3249 1626 3315 nisi

256 3377 312 3440 per
335 3356 471 3442 copiam,
496 3379 531 3421 ac
548 3368 634 3443 parte
657 3378 723 3422 uon
741 3357 832 3423 citata
856 3378 915 3423 nec
939 3355 1041 3423 audita
1065 3354 1176 3422 falsum
1201 3356 1466 3443 pronuntiaretur.
1503 3353 1628 3421 Obtulit

256 3473 363 3528 tamen
391 3461 545 3529 Sanctitas
566 3462 695 3543 Vestra,
723 3485 792 3528 sese
817 3463 1011 3529 monituram
1036 3461 1223 3528 Caesaream
1247 3459 1461 3541 Maiestatem,
1490 3472 1523 3527 ut
1553 3459 1627 3526 illud

257 3565 350 3634 breve
374 3569 567 3634 autenticum
591 3565 630 3634 ad
653 3590 687 3633 se
710 3569 947 3649 transmitteret,
979 3570 1020 3634 ita
1043 3565 1130 3655 quod
1154 3564 1193 3633 de
1218 3565 1297 3631 illius
1321 3566 1451 3632 veritate
1474 3566 1508 3631 in
1530 3566 1628 3647 Urbe,

258 3671 342 3740 unde
365 3675 491 3755 exierat,
516 3675 669 3761 cognosci
693 3679 828 3762 posset.⁸

362 3778 579 3867 Supervenere
602 3793 712 3868 postea
735 3779 827 3867 legati
853 3780 943 3847 Caes.
964 3780 1146 3860 Maiestatis,
1170 3780 1223 3867 qui
1247 3779 1279 3844 in
1303 3777 1360 3845 hac
1385 3801 1475 3845 causa
1498 3800 1557 3866 pro
1581 3802 1628 3846 re-

257 3886 331 3972 gina
353 3884 452 3952 audiri
476 3885 634 3968 volebant,
659 3885 808 3976 adquam
834 3910 906 3953 cum
932 3885 1115 3952 mandatum
1140 3908 1206 3951 non
1232 3883 1392 3966 haberent,
1417 3907 1483 3950 non
1503 3882 1629 3951 fuerunt

258 3990 396 4072 admissi,
420 3990 491 4059 licet
516 3990 740 4074 exclamarent,
764 3991 852 4081 quod
875 3993 1008 4080 impium
1033 4005 1063 4059 et
1088 3989 1213 4058 crudele
1237 4011 1317 4072 erat,
1341 3990 1426 4080 qnod
1451 3992 1482 4057 in
1507 4014 1540 4058 re
1563 4004 1629 4058 tarn

258 4099 344 4184 gravi
369 4111 399 4165 et
425 4109 489 4164 tam
518 4100 567 4185 pia
590 4121 648 4187 pro
679 4100 785 4187 regina
816 4123 882 4166 non
911 4098 1108 4181 audirentur;
1144 4095 1199 4164 sed
1223 4095 1353 4178 deinde,
1383 4119 1455 4163 cum
1483 4119 1629 4184 praesen-

258 4216 359 4271 tarent
374 4202 490 4271 litteras
506 4206 633 4289 reginae
658 4224 689 4272 et
713 4204 792 4272 illius
808 4204 964 4286 mandata,
989 4227 1056 4271 non
1080 4216 1251 4292 potuerunt
1272 4203 1405 4290 amplius
1429 4204 1495 4269 iure
1511 4201 1628 4291 repelli.

259 4308 432 4378 Recusabat
455 4323 561 4378 autern
590 4310 698 4397 regina
722 4310 893 4378 cardinales
922 4310 1039 4377 iudices
1063 4329 1225 4398 tamquam
1255 4310 1381 4376 notorie
1410 4320 1574 4394 suspectos
1598 4322 1629 4375 et

366 4539 487 4594 ¹Dieser
510 4538 670 4593 Schlusssata
694 4541 764 4593 steht
790 4543 814 4593 in
839 4541 912 4595 einer
935 4543 1048 4594 atveiten
1073 4551 1164 4601 etwas,
1189 4541 1251 4593 aber
1275 4557 1342 4609 ganz
1366 4537 1558 4590 unwesentliclr
1583 4539 1628 4589 ab·

261 4611 435 4665 weichenden
455 4610 574 4681 Fassung
594 4611 609 4665 l.
629 4629 651 4665 c.
671 4610 688 4665 f.
708 4611 767 4679 645.
1352 4680 1357 4690 .

365 4681 444 4734 ’Die
468 4680 645 4751 angetuhrten
660 4682 754 4735 Worte
780 4683 875 4736 stehen
898 4684 924 4735 in
948 4682 1009 4735 dem
1034 4682 1068 4734 Er
1089 4681 1289 4751 anzungsbreve
1308 4679 1398 4748 Julius'
1418 4677 1450 4730 ll.
1470 4678 1589 4745 (Burnet
1611 4679 1628 4732 l.

262 4750 328 4806 Coll.
349 4753 380 4806 ll.
399 4771 426 4807 n.
448 4753 501 4822 15),
520 4752 592 4805 nicht
611 4752 638 4805 in
656 4752 703 4805 der
722 4753 941 4823 ursprnnglichen
961 4752 1036 4806 Bulle
1054 4699 1088 4819 (li
1103 4769 1125 4805 c.
1144 4768 1169 4805 n.
1193 4754 1225 4819 1).

365 4830 376 4859 ³
393 4823 485 4948 Vergl.
506 4839 600 4876 unsere
614 4822 817 4894 Bemerlmngen
837 4842 868 4877 zu
882 4823 933 4877 den
946 4823 1091 4877 Schreiben
1105 4820 1297 4940 Campeggiosl
1310 4836 1372 4902 voni
1389 4819 1428 4872 18.
1448 4817 1501 4940 ιὲιιά
1520 4833 1561 4873 20.
1575 4818 1629 4872 Mai

264 4894 483 5034 attala,
502 4893 548 5016 lif
563 4891 1231 5032 <fluitr⁰lt...³a⁹a.„{tttardum
1255 4890 1375 4943 ³²¹¹³¹¹⁵
1399 4905 1432 4940 ²¹¹
1476 4905 1544 4958 ΜΡ·
1566 4906 1628 4942 “⁰¹¹¹
