3802 5606
269 344 333 406 23ss
1157 358 1305 417 Consilium
1324 379 1403 434 super
1422 378 1500 416 causa
1519 358 1641 433 huglica.

269 517 434 599 suaderet,
466 537 499 585 ut
532 541 586 585 rex
616 519 699 587 aliud
734 520 966 608 conglutinaret
1003 522 1262 603 matrimonium,
1298 545 1363 612 quo
1403 523 1593 590 evitarentur
1621 522 1642 587 ii

269 624 390 712 scopuli
414 637 445 692 et
469 648 523 691 eae
545 638 646 714 syrtes
654 652 663 709 ;
700 625 859 695 videretur
882 628 960 694 mihi
982 629 1088 715 potius
1112 652 1129 694 e
1153 627 1255 717 Scylla
1279 630 1311 695 iu
1336 628 1523 718 Carybdim,
1547 651 1641 717 quam

270 753 287 795 e
311 730 413 818 Scylla
437 732 469 797 in
493 743 622 819 portum
646 756 680 799 se
705 734 879 820 recepisse,
910 733 994 800 unde
1018 733 1192 801 videndum
1217 747 1274 816 est,
1298 759 1339 803 ne
1362 734 1519 823 fugientes
1542 733 1641 801 fatum

269 837 443 904 incidamus
467 839 498 903 in
523 836 637 919 fatum,
667 840 754 929 quod
778 841 819 907 ita
843 839 1038 908 deducimus.
1085 842 1203 928 Negari
1235 864 1302 908 non
1331 853 1454 929 potest,
1483 841 1641 908 Sermum.

269 966 377 1029 regem
403 944 512 1010 XVIII
539 968 697 1012 annorum
722 946 771 1013 vel
796 946 928 1035 euplus
959 949 1061 1035 spatio
1086 970 1158 1014 cum
1183 949 1291 1035 regina
1315 961 1476 1037 tamquam
1501 970 1574 1014 cum
1598 946 1641 1012 le·

268 1049 380 1136 gitima
403 1073 501 1117 uxore
527 1050 739 1136 cohabitasse3
764 1076 867 1141 neque
892 1052 977 1135 illud,
1002 1053 1088 1142 quod
1111 1076 1204 1141 super
1228 1053 1410 1122 huiusmodi
1435 1055 1641 1121 matrimonio

268 1151 433 1243 impetrata
468 1155 560 1224 fuerit
594 1180 610 1223 a
647 1158 729 1225 Sede
765 1159 950 1247 Apostolica
984 1158 1187 1247 dispensatio
1242 1159 1355 1227 Nullus
1391 1162 1486 1228 etiam
1523 1158 1642 1226 inficias

268 1261 334 1344 ibit,
358 1283 487 1350 aparte
511 1265 706 1331 matrimonii
735 1277 816 1332 stare
847 1287 982 1353 magnos
1011 1289 1209 1356 magnaeque
1238 1267 1436 1335 authoritatis
1466 1289 1538 1333 cum
1567 1265 1642 1333 doc-

267 1369 382 1449 trinae,
410 1381 477 1435 tum
502 1387 533 1435 et
556 1371 728 1437 sanctitatis
751 1372 837 1439 vitos
860 1370 969 1438 validis
993 1391 1024 1439 et
1047 1396 1114 1439 non
1138 1372 1340 1461 aspernandis
1364 1372 1548 1455 rationibus,
1572 1385 1640 1438 tum

269 1498 307 1540 ex
334 1473 563 1562 theologorum
594 1477 730 1558 arcanis,
760 1490 827 1545 tum
858 1502 897 1545 ert
925 1501 1087 1546 sacrorum
1121 1502 1281 1547 canonum
1313 1478 1452 1546 lontibus
1484 1478 1641 1556 deductis,

267 1604 347 1669 quae
372 1604 444 1648 cum
469 1583 510 1648 ita
533 1583 606 1662 sint,
631 1581 735 1650 videat
758 1584 898 1651 Sermus.
924 1608 977 1652 rex
1002 1587 1109 1674 etqui
1134 1586 1215 1653 hanc
1239 1585 1458 1653 scandalorum
1484 1588 1639 1652 rationem

268 1690 456 1774 persuadere
479 1687 601 1770 volunt,
626 1713 702 1756 num
728 1688 879 1756 discessio
903 1714 921 1757 a
943 1693 1041 1778 priori
1058 1694 1264 1759 matrimonio
1289 1692 1429 1760 obstruat
1446 1715 1485 1758 an
1502 1692 1640 1779 apperiat

267 1793 420 1861 scandalis
445 1806 476 1861 et
498 1792 706 1862 seditionibus
730 1794 912 1878 fenestram,
936 1799 1059 1864 omisso
1083 1809 1117 1865 ut
1134 1797 1280 1880 diximus,
1304 1797 1391 1887 quod
1410 1796 1498 1864 facile
1515 1798 1641 1864 evenire

268 1912 398 1988 posset,
432 1920 466 1967 ut
501 1924 555 1967 rex
591 1923 628 1967 ex
665 1901 803 1968 secunda
844 1924 942 1969 uxore
982 1915 1070 1990 pater
1102 1927 1169 1970 non
1204 1903 1304 1973 lieret.
1361 1906 1445 1972 Nam
1481 1902 1569 1992 prole
1603 1925 1642 1968 ex

265 2005 414 2074 secundis
453 2008 569 2094 nuptiis
602 2020 747 2095 suscepta
783 2008 994 2076 irrationabile
1032 2022 1098 2091 est,
1135 2012 1290 2098 cogitare,
1325 2034 1391 2078 non
1427 2009 1549 2077 futuros
1588 2011 1640 2097 qui

268 2112 413 2180 studeant
442 2114 538 2201 priori
567 2115 789 2195 matrimoni0,
822 2114 909 2203 quod
940 2139 1025 2182 nunc
1056 2118 1150 2183 etiam
1183 2117 1327 2184 videmus
1360 2115 1443 2199 fieri3
1476 2129 1569 2205 atque
1599 2115 1640 2182 ita

268 2220 447 2287 necessario
472 2219 593 2287 diversa
619 2233 710 2289 erunt
741 2222 857 2288 civium
890 2221 1007 2304 studia,
1037 2246 1075 2289 ex
1103 2223 1215 2312 quibus
1244 2222 1370 2290 dissidia
1401 2235 1431 2289 et
1461 2221 1538 2289 bella
1566 2222 1640 2287 oriri

268 2327 381 2394 solent.
429 2327 522 2408 Quae
551 2339 640 2394 tanto
673 2328 768 2394 etiam
797 2329 917 2394 maiora
951 2327 1101 2411 evadent,
1138 2342 1258 2418 quanto
1289 2330 1366 2396 haec
1395 2330 1460 2416 ipsa
1488 2326 1640 2395 fovebunt

267 2431 383 2500 lllmae.
408 2434 557 2521 principis
581 2434 725 2520 nuptiae3
760 2444 808 2500 est
840 2435 940 2515 enim,
970 2446 1005 2501 ut
1034 2434 1214 2518 credamus,
1243 2436 1401 2502 Sermum.
1431 2457 1540 2521 regem
1570 2455 1640 2499 eam

268 2540 378 2627 nuptui
402 2539 620 2607 traditurum.¹
666 2539 774 2628 Itaque
798 2538 1037 2608 celebrabuntur
1061 2541 1119 2608 hae
1148 2543 1275 2630 nuptiae
1304 2540 1354 2609 vel
1377 2542 1457 2608 intra
1481 2539 1531 2608 vel
1555 2558 1641 2606 extra

267 2668 417 2731 regnum3
450 2647 476 2712 si
500 2647 595 2729 intra,
629 2658 713 2714 certe
737 2669 804 2713 non
829 2645 1050 2729 collocabitur,
1079 2649 1138 2714 nisi
1162 2648 1251 2715 alicui
1277 2672 1314 2715 ex
1338 2646 1544 2714 nobilioribus
1568 2667 1640 2733 pto·

268 2774 386 2834 cerum,
411 2754 464 2840 qui
479 2752 644 2820 Maiestate
667 2754 753 2841 regia
777 2752 963 2835 decedente,
988 2776 1061 2820 cum
1080 2752 1199 2822 videbit
1221 2778 1255 2821 se
1280 2754 1426 2820 maritum
1444 2753 1532 2820 istius
1548 2751 1640 2832 filiae,

268 2881 323 2925 cur
346 2857 482 2925 oblatam
507 2881 574 2925 non
597 2860 727 2946 accipiat
751 2860 971 2941 occasionem,
1001 2858 1040 2926 de
1064 2862 1266 2928 successione
1297 2861 1387 2947 regni
1411 2858 1640 2947 periclitaturus

267 2986 323 3052 per
347 2986 479 3030 omnem
504 2965 599 3032 etiam
615 2964 774 3032 fortunam
799 2978 830 3033 et
854 2989 972 3049 casum,
996 2978 1031 3033 ut
1049 2965 1088 3033 ad
1105 2989 1140 3032 se
1158 2967 1312 3054 pertineat
1319 2992 1328 3047 ;
1350 2968 1375 3031 si
1392 2985 1478 3033 extra
1493 2987 1640 3051 regnum,

268 3070 357 3137 alicui
387 3072 481 3137 etiam
511 3092 629 3157 magno
657 3072 789 3158 principi
820 3072 985 3160 iungetur,
1017 3074 1071 3161 qui
1101 3073 1285 3139 convocatis
1314 3071 1353 3138 ad
1383 3070 1507 3138 obitum
1537 3073 1640 3138 soceri

269 3177 378 3243 amicis
402 3188 432 3243 et
456 3199 568 3243 eorum
593 3176 706 3265 opibus
732 3189 763 3245 et
786 3180 881 3244 armis
905 3177 988 3244 idem
1016 3178 1165 3246 molietur
1189 3191 1220 3245 et
1247 3177 1390 3258 tentabit,
1414 3177 1498 3244 unde
1524 3190 1638 3266 quanta

269 3305 429 3350 emersura
451 3284 514 3350 sint
537 3282 755 3364 incommoda,
780 3283 883 3351 nullus
907 3297 954 3352 est
977 3286 1030 3373 qui
1054 3309 1121 3353 non
1144 3284 1258 3352 videat.

372 3387 473 3470 Quod
497 3389 522 3455 si
539 3388 668 3472 dicatur,
692 3391 765 3457 satis
783 3389 922 3458 fueritin
947 3391 1005 3458 hac
1029 3415 1062 3458 re
1087 3391 1231 3459 habuisse
1252 3393 1442 3459 sententiam
1467 3389 1640 3478 apostolica

268 3495 457 3563 authoritate
480 3494 701 3562 confirmatam
727 3509 758 3563 et
782 3496 939 3564 suffultam
946 3524 955 3580 3
992 3510 1061 3565 esto
1086 3498 1127 3565 ita
1150 3496 1229 3579 fore,
1253 3519 1363 3563 nonne
1387 3499 1490 3563 sciunt
1514 3519 1639 3577 omnes,

267 3643 319 3651 ,ψ-τ
342 3642 425 3648 -.-.-.‹.-
450 3642 477 3648 -.⁸

267 3725 443 3796 regierenden
455 3724 567 3778 Fursten
581 3725 711 3779 vermihlt
725 3725 844 3793 wurden,
862 3727 904 3780 ein
918 3727 1092 3781 Lebensende
1105 3728 1158 3780 wie
1171 3727 1217 3780 das
1231 3726 1301 3779 oben
1314 3726 1492 3796 angedeutete
1505 3724 1639 3796 gesunden

268 3798 372 3861 hatten3
400 3813 449 3849 nur
467 3813 523 3849 was
542 3795 600 3849 hier
623 3796 687 3849 irber
706 3796 757 3850 den
777 3797 838 3850 Tod
857 3797 904 3851 des
923 3814 1016 3851 comes
1036 3807 1062 3851 et
1081 3798 1212 3868 praelatus
1232 3797 1396 3850 Liconiensis
1415 3806 1520 3867 gesagt,
1539 3797 1638 3850 konnte

267 3865 315 3919 auf
330 3866 372 3919 die
390 3865 560 3937 Ermordung
578 3866 624 3919 des
643 3867 754 3921 Prinzen
773 3867 907 3935 Heinrich,
928 3868 974 3922 des
993 3868 1098 3922 Sohnes
1117 3885 1170 3922 von
1191 3867 1329 3921 Heinrichs
1345 3867 1390 3921 III.
1409 3866 1508 3920 Bruder
1526 3867 1640 3921 Richard

268 3954 320 3989 von
335 3936 502 4004 Comwallis,
522 3954 566 3990 am
589 3953 626 4005 13·
647 3936 718 3990 Mira
740 3953 802 4007 1271
826 3956 857 3991 zu
872 3939 983 3993 Viterbo
1002 3939 1130 3993 wahrend
1149 3939 1196 3992 des
1211 3938 1358 4003 Konltlave,
1379 3937 1503 4008 gedeutet
1522 3938 1639 4002 werden,

268 4008 389 4061 obschon
414 4007 482 4061 auch
506 4007 563 4061 hier
587 4007 659 4061 nicht
685 4008 836 4062 ersichtlich
860 4010 904 4077 ist,
929 4010 982 4063 wie
1001 4010 1086 4063 dieser
1105 4010 1181 4063 Prinz
1206 4027 1237 4062 zu
1263 4008 1310 4062 der
1333 4009 1432 4078 obigen
1451 4009 1620 4062 BezeIchnun

267 4079 371 4131 lrommt
390 4078 456 4131 oder
474 4078 526 4131 wie
545 4078 603 4131 sich
621 4079 680 4132 eine
700 4079 853 4150 Beziehung
872 4098 903 4133 zu
922 4080 1061 4133 Heinrichs
1081 4081 1125 4135 ΙΙΙ.
1145 4080 1202 4133 Ehe
1224 4081 1272 4133 mit
1290 4079 1425 4133 Eleonore
1444 4079 1561 4150 ergeben
1580 4025 1639 4144 soll,

268 4149 300 4201 da
319 4149 394 4202 Prinz
413 4147 539 4202 Heinrich
558 4165 611 4201 von
631 4148 683 4202 den
697 4149 806 4203 Sohnen
825 4151 872 4204 des
887 4150 988 4205 Grafen
1006 4151 1099 4204 Simon
1118 4167 1172 4204 von
1192 4149 1321 4203 Montfort
1341 4167 1387 4203 aus
1400 4149 1491 4203 Rache
1511 4150 1575 4203 iiber
1592 4149 1638 4203 das

267 4220 342 4273 Ende
366 4219 437 4273 ihres
450 4217 545 4273 Vaters
565 4220 700 4274 ennordet
719 4220 818 4276 wurde.
855 4220 984 4292 Lingard,
1003 4221 1102 4276 Gesch.
1122 4238 1175 4275 von
1199 4220 1334 4291 England,
1358 4220 1403 4275 III.
1424 4219 1482 4275 262.
1520 4219 1640 4293 Raynald

271 4305 345 4361 1271,
369 4308 394 4345 n.
417 4307 439 4359 3,
467 4289 602 4355 Potthast,
626 4290 659 4346 II.
684 4309 710 4345 n.
731 4290 824 4346 20682.
862 4292 951 4346 Wenn
974 4292 1056 4346 damet
1074 4292 1205 4359 wirldich,
1225 4293 1278 4345 wie
1301 4290 1348 4344 der
1367 4290 1505 4344 Verfasser
1530 4306 1639 4344 unseres

268 4360 378 4414 Stirclres
397 4361 518 4431 angiebt,
544 4360 670 4414 Heinrich
685 4361 756 4416 VIII.
776 4362 908 4434 derartige
927 4362 1036 4417 Gritnde
1061 4380 1106 4416 zur
1124 4363 1214 4416 Stirtze
1239 4362 1327 4415 seiner
1345 4361 1501 4432 Forderung
1519 4363 1546 4414 in
1569 4361 1639 4415 Rom

268 4432 429 4502 vorbringen
453 4430 523 4497 liess,
549 4447 580 4484 so
599 4430 680 4485 bleibt
705 4432 783 4486 kaum
808 4434 867 4487 eine
892 4434 990 4488 andere
1009 4433 1152 4487 Annahme
1177 4433 1265 4503 irbrig,
1292 4432 1330 4486 als
1349 4431 1405 4485 dass
1429 4448 1458 4486 er
1482 4432 1547 4485 oder
1565 4433 1639 4486 seine

268 4501 422 4556 Gesandten
448 4519 481 4555 an
507 4501 554 4554 der
576 4501 670 4570 Kurie,
694 4520 739 4557 wo
764 4521 826 4557 man
851 4503 893 4557 die
917 4504 1055 4575 englische
1079 4503 1242 4558 Geschichte
1267 4503 1314 4557 des
1335 4519 1374 4572 13.
1394 4502 1584 4573 Jahrhunderts
1607 4519 1639 4556 so

268 4589 356 4697 genlap
374 4573 447 4695 ”idei
465 4572 569 4695 Itepnep
588 4572 696 4695 horpnte,
715 4575 939 4706 nigurissentlich
956 4575 1078 4699 rftalscthen
1092 4575 1302 4699 Behauptungeu
1323 4573 1432 4698 Etrfolge
1450 4591 1481 4696 plu
1502 4575 1638 4697 erreichpn

268 4661 387 4696 sucren.
445 4660 474 4696 er
505 4659 600 4696 ‚oen
625 4660 682 4697 ..ι
711 4664 716 4697 :
773 4661 834 4699 uare
872 4662 903 4699 ro
940 4664 954 4699 a
981 4663 996 4699 e
1031 4664 1056 4698 ur
1075 4662 1218 4699 assereurs
1250 4662 1282 4699 ex
1301 4662 1354 4697 aur
1374 4661 1413 4697 urs
1438 4662 1451 4697 c
1472 4661 1569 4698 ronrcrs
1589 4660 1638 4699 ec.

376 4722 382 4751 ¹
403 4713 466 4766 Hier
475 4660 549 4784 gliegt
568 4659 705 4783 jedenfallb
724 4715 766 4768 die
779 4663 910 4769 Mittellun
922 4664 938 4715 p
948 4715 995 4770 des
1009 4715 1147 4769 Kardinals
1162 4690 1332 4786 Canlpeggio
1352 4662 1383 4768 llu
1396 4714 1505 4768 Gruude
1524 4716 1555 4785 (s.
1569 4715 1639 4767 oben

268 4786 294 4841 S.
313 4786 369 4856 49),
389 4783 445 4837 dass
463 4802 526 4837 man
545 4785 571 4837 in
590 4784 712 4855 England
731 4785 810 4839 daran
831 4733 947 4857 gedaclrt
964 4787 1041 4853 habe,
1061 4786 1102 4840 die
1116 4787 1264 4840 PrinzessIn
1283 4786 1365 4839 Maria
1384 4795 1460 4839 unter
1475 4785 1640 4909 papstlicher

268 4855 401 4926 DIspense
424 4854 472 4907 mit
490 4854 630 4908 Heinrichs
654 4855 829 4910 natirrlichem
854 4856 958 4924 Sohne,
983 4857 1070 4910 Herzo
1114 4857 1240 4911 Heinrich
1263 4873 1316 4910 von
1340 4856 1473 4910 Richmon
1498 4900 1505 4923 ,
1530 4874 1561 4909 zu
1580 4873 1638 4910 uer-

268 4925 390 4991 mihlem
418 4924 505 4979 sicher
523 4925 587 4978 aber
609 4925 654 4979 hat
674 4926 758 4991 nicht,
779 4926 830 4980 wie
849 4927 970 4996 Schulte,
996 4874 1143 4981 Handbuch
1162 4928 1209 4982 des
1228 4927 1325 4981 kathol.
1346 4927 1518 4994 Eherechtes,
1542 4928 1567 4981 S.
1590 4942 1634 4996 17¹

268 4997 348 5049 Aum.
367 4995 410 5065 63,
430 4996 546 5065 angiebt,
566 4995 649 5050 Maria
668 4996 750 5049 selbst
770 5015 814 5050 um
834 4997 906 5052 diese
926 4999 1058 5070 Dispense
1077 4999 1268 5070 nachgesucht.
