3842 5592
304 289 345 361 34
1339 332 1344 347 ,
1501 277 1575 355 April
1599 276 1672 353 1528.
1705 296 1708 301 ·

303 448 356 517 diu
372 449 502 518 iactatae
512 446 686 529 materiam,
701 442 864 534 utriusque
875 442 968 513 titulo
981 442 1013 512 in
1026 464 1165 533 persona
1175 454 1229 511 tua
1241 440 1441 511 consolidato
1454 444 1674 531 extinguens,¹

302 554 445 624 stabilem
469 577 571 641 regno
596 550 817 634 concordiam,
846 549 971 619 firmam
1000 562 1094 640 atque
1117 562 1277 617 aeternam
1305 551 1512 638 promittens,
1541 551 1567 616 si
1596 550 1673 618 nihil

302 661 384 730 aliud
409 659 494 750 quod
518 659 762 727 abhominamur
785 658 952 744 ingeniosa
975 655 1124 725 calliditas
1148 655 1304 724 effinxerit
1327 655 1558 740 obiiciendum,
1586 655 1674 746 quod

303 779 422 835 certam
445 777 477 834 et
499 767 722 833 inconcussam
738 764 976 831 successionem
995 764 1162 851 impeteret
1178 754 1209 829 ei
1232 785 1358 829 causam
1374 762 1509 851 aliquam
1528 765 1674 851 gigneret

303 872 528 961 ambiguitatis:
561 894 630 938 non
660 872 730 938 sine
760 870 953 958 gravissimis
983 892 1058 935 sane
1087 867 1262 935 rationibus
1297 867 1422 936 adducti
1453 867 1607 950 videmur,
1641 882 1674 936 ut

303 979 390 1068 quod
420 980 453 1047 in
476 991 530 1046 tua
552 1000 688 1066 persona
716 974 849 1064 dignum
877 975 1081 1064 promeritis
1108 972 1299 1042 beneficium
1327 973 1483 1042 collocare
1506 997 1574 1041 non
1602 998 1675 1063 pos-

303 1108 423 1168 sumus,
447 1082 487 1151 ad
510 1084 720 1152 successionis
744 1083 999 1171 posteritatisque
1014 1094 1086 1149 tuae
1111 1079 1351 1149 constituendae
1374 1079 1674 1171 confirmandaeque

304 1189 514 1259 commodum
540 1189 580 1258 de
602 1190 767 1278 potestatis
796 1186 990 1276 plenitudine
1018 1209 1241 1275 prorogemus.
1288 1185 1590 1254 Animadvertentes
1618 1188 1673 1255 ita·

304 1320 381 1386 que,
413 1294 599 1364 dominandi
629 1293 743 1362 affectu
771 1292 849 1362 nihil
876 1292 1052 1382 improbius
1083 1304 1115 1359 et
1143 1294 1317 1360 certissima
1349 1315 1491 1381 quaeque
1522 1291 1675 1381 regnandi

304 1402 466 1472 libidinem
490 1403 677 1489 impugnare
700 1398 804 1467 solere
827 1412 860 1466 et
882 1400 994 1466 astutia
1017 1397 1176 1465 interdum
1201 1421 1413 1486 expugnasse,
1443 1422 1535 1466 curae
1562 1398 1675 1483 sollici-

304 1507 469 1597 tudinique
493 1519 630 1590 nostrae,
655 1530 749 1596 quam
773 1504 813 1574 de
835 1503 1051 1594 perpetuanda
1074 1503 1193 1572 sobolis
1223 1524 1295 1572 tuae
1324 1505 1526 1573 successione
1550 1504 1676 1573 eadem-

305 1638 366 1704 que
389 1613 610 1682 inviolabiliter
634 1610 849 1681 continuanda
876 1613 991 1680 merito
1020 1610 1188 1695 habemus,
1217 1623 1469 1679 consentaneum
1500 1635 1569 1678 esse
1597 1611 1676 1679 arbi-

304 1733 441 1802 tramur,
469 1732 504 1787 ut
532 1739 685 1809 quatenus
716 1731 825 1786 nostra
854 1720 1032 1807 permiserit
1060 1717 1222 1806 valeatque
1254 1729 1409 1806 potestas,
1438 1717 1489 1786 illa
1519 1719 1628 1787 omnia
1658 1741 1676 1785 e

305 1826 414 1894 medio
446 1848 681 1907 removeamus,
705 1848 784 1914 quae
815 1824 972 1892 occultam
1002 1825 1049 1892 sui
1079 1846 1205 1892 causam
1243 1823 1359 1892 habent
1392 1842 1486 1913 atque
1519 1836 1674 1892 secretam

305 1932 427 2001 fictioni
450 1932 738 2020 machinationique
762 1943 944 2020 promptam
969 1945 1000 1998 et
1016 1930 1154 2012 obviam,
1178 1929 1263 1998 unde
1284 1931 1413 1997 materia
1437 1928 1579 2017 confingi
1598 1954 1675 1998 con·

305 2038 436 2128 fiarique
465 2039 567 2127 possit
597 2035 636 2105 ad
666 2037 903 2105 successionem
932 2035 1230 2104 collabefactandam
1265 2034 1443 2123 allegabilis.
1490 2036 1598 2118 Quam
1632 2036 1675 2103 ob

305 2169 390 2228 rem,
418 2168 460 2212 ne
482 2143 544 2212 ulla
565 2143 665 2211 fraudi
694 2143 922 2232 excogitandae
952 2143 1144 2233 relinquatur
1172 2144 1315 2221 occasio,
1345 2153 1378 2210 et
1405 2139 1553 2211 calliditas
1581 2155 1675 2231 atque

305 2252 417 2320 astutia
449 2273 582 2318 ornnem
616 2251 779 2317 materiam
809 2250 981 2339 praecisam
1012 2248 1227 2338 sublatamque
1260 2247 1450 2336 intelligant,
1485 2246 1569 2315 unde
1605 2272 1675 2316 suas

306 2355 439 2424 malitias
462 2367 604 2443 satagant
627 2355 762 2444 palliare,
787 2354 826 2422 de
849 2356 1015 2444 potestatis
1038 2367 1166 2423 nostrae
1189 2353 1384 2442 plenitudine
1412 2365 1555 2421 nostram
1583 2356 1615 2422 in
1640 2379 1675 2422 ea

305 2476 393 2551 parte
416 2461 592 2529 absolutam
615 2473 806 2549 potestatem
823 2473 854 2529 et
877 2484 972 2550 quam
996 2459 1148 2527 habemus
1164 2483 1322 2527 summam
1347 2472 1378 2528 et
1402 2462 1570 2528 maximam
1589 2484 1676 2529 exer·

307 2581 433 2650 centes,
464 2591 502 2636 ex
531 2569 631 2635 causis
660 2565 751 2634 nobis
781 2568 954 2655 perspectis
981 2567 1118 2654 cognitis
1148 2577 1180 2634 et
1210 2564 1398 2649 diiudicatis,
1429 2589 1505 2655 quas
1536 2567 1587 2634 hic
1617 2589 1675 2654 pro

307 2676 432 2743 insertis
453 2672 602 2742 volumus
625 2672 742 2756 haberi,
767 2696 881 2741 omnes
905 2671 974 2739 illos
998 2695 1148 2755 canones,
1172 2673 1435 2755 constitutiones,
1458 2671 1676 2740 ordinationes

307 2793 338 2849 et
362 2798 476 2848 statuta
503 2781 535 2846 in
565 2778 706 2847 conciliis
734 2777 947 2867 generalibus,
975 2776 1180 2868 synodalibus
1211 2790 1263 2845 aut
1289 2777 1534 2867 provincialibus
1562 2778 1675 2847 aliasve

307 2885 391 2954 edita
414 2896 446 2952 et
468 2883 677 2974 promulgata,
701 2907 780 2974 quae
805 2882 843 2952 de
868 2884 1078 2952 matrimoniis
1103 2884 1185 2952 inter
1208 2885 1481 2972 consanguineos,
1505 2884 1558 2973 qui
1581 2886 1676 2952 tertio

307 3003 359 3059 aut
387 3009 499 3081 quarto
528 2989 627 3078 gradu
654 3014 689 3057 se
717 2991 893 3077 attigerint,
921 3012 988 3056 non
1017 2988 1241 3058 contrahendis
1272 3009 1302 3057 et
1330 2991 1406 3057 item
1434 2989 1500 3071 illa,
1529 3012 1609 3078 qnae
1636 2988 1677 3058 de

307 3096 540 3186 impedimento
563 3094 704 3185 publicae
735 3096 909 3164 honestatis
937 3097 1072 3164 iustitiae
1100 3120 1139 3163 ex
1161 3093 1360 3185 sponsalibus
1383 3094 1576 3178 clandestine
1600 3118 1677 3163 con-

306 3203 413 3270 tractis
435 3213 537 3284 natae,
561 3202 802 3270 matrimonium
825 3199 971 3270 videlicet
994 3200 1197 3290 impedientis
1221 3212 1252 3268 et
1267 3200 1443 3269 dirimentis
1466 3214 1676 3286 contractum,

307 3321 339 3376 et
367 3310 532 3391 etiam-ea,
556 3330 635 3397 quae
664 3306 704 3374 de
732 3319 971 3397 praecontractu
1000 3306 1224 3375 matrimoniali
1251 3330 1307 3396 per
1335 3306 1429 3375 verba
1453 3307 1493 3375 de
1520 3310 1676 3396 praesenti

306 3415 387 3483 inito
404 3427 435 3483 et
450 3425 615 3482 contracto
632 3438 699 3481 non
716 3426 906 3484 consumato
924 3438 984 3482 nec
1000 3413 1220 3497 solemnizat0,
1244 3412 1418 3482 secundum
1436 3414 1677 3482 matrimonium

306 3519 499 3609 impeditum
524 3532 555 3588 et
578 3519 791 3610 diremptum,
819 3518 956 3609 denique
980 3518 1045 3602 illa,
1076 3543 1156 3609 quae
1184 3518 1224 3587 de
1252 3518 1403 3588 affinitate
1432 3542 1470 3587 ex
1499 3520 1584 3588 coitu
1613 3519 1678 3587 ille-

307 3628 421 3714 gitimo
448 3627 481 3692 in
512 3649 703 3715 quocunque
734 3624 833 3713 gradu
864 3627 987 3694 etiamsi
1017 3626 1121 3714 primo
1145 3626 1370 3713 proveniente,
1398 3627 1676 3693 matrimoniorum

307 3731 449 3801 similiter
466 3732 635 3800 irritatorio
652 3730 894 3820 impedimento,
908 3751 1073 3820 postremo
1091 3730 1150 3814 illa,
1166 3754 1246 3821 quae
1259 3730 1299 3799 de
1312 3733 1504 3820 cognatione
1517 3730 1677 3820 spirituali,

307 3837 450 3905 similiter
472 3837 712 3904 matrimonium
736 3836 934 3925 impeditura,
958 3836 1131 3926 loquuntur
1152 3849 1183 3905 et
1206 3836 1389 3925 disponunt,
1412 3835 1452 3904 ad
1475 3839 1677 3904 matrimonia

306 3966 363 4032 per
385 3962 416 4011 te
433 3941 648 4010 contrahenda
667 3966 734 4010 non
750 3945 919 4031 pertinere,
941 3944 986 4011 sic
1003 3955 1037 4010 ut
1056 3941 1182 4010 illorum
1203 3966 1374 4026 canonum,
1399 3943 1676 4027 constitutionum,

307 4048 546 4117 ordinationum
577 4060 631 4116 aut
660 4061 852 4117 statutomm
882 4048 984 4117 aliove
1015 4072 1207 4139 quocunque
1236 4050 1370 4117 nomine
1404 4061 1592 4117 censeantur
1624 4049 1677 4117 ali·

266 4191 269 4196 ·
307 4176 484 4243 quorumve
501 4177 614 4221 eorum
629 4157 745 4223 virtute
761 4173 813 4222 aut
828 4155 939 4242 vigore
952 4156 1155 4222 matrimonia
1166 4177 1222 4244 per
1237 4167 1269 4223 te
1281 4154 1496 4223 contrahenda
1508 4155 1677 4223 sobolesve

307 4258 506 4347 suscipienda
529 4283 568 4327 ex
592 4259 712 4327 eisdem
736 4261 847 4348 impeti
869 4273 923 4328 aut
938 4262 1118 4349 impugnari
1142 4284 1209 4328 non
1232 4281 1375 4349 possent,
1399 4284 1472 4329 cum
1496 4259 1676 4349 plenissima

307 4388 418 4433 causae
447 4366 648 4453 cognitione,
677 4365 717 4433 de
746 4389 806 4454 qua
834 4365 984 4434 nolumus
1007 4367 1219 4455 impostemm
1243 4366 1359 4454 ambigi
1383 4379 1436 4434 aut
1460 4365 1608 4448 dubitari,
1638 4390 1675 4433 ex

306 4483 382 4539 tunc
405 4484 499 4561 prout
522 4496 561 4539 ex
585 4494 669 4539 nunc
693 4483 724 4539 et
747 4495 785 4538 ex
808 4495 893 4539 nnnc
916 4484 1011 4561 prout
1034 4492 1171 4540 extunc
1194 4475 1453 4561 pronunciamus,
1477 4472 1676 4540 decemimus

307 4589 339 4645 et
370 4576 564 4645 declaramus
596 4601 631 4645 ac
664 4576 721 4644 illis
754 4576 903 4644 omnibus
935 4590 966 4645 et
997 4577 1128 4667 singulis
1161 4578 1353 4663 canonibus,
1385 4577 1675 4662 constitutionibus,

307 4681 559 4751 ordinationibus
590 4696 621 4751 et
649 4684 772 4751 statutis
800 4681 979 4766 antedictis,
1008 4707 1087 4773 quae
1119 4684 1169 4753 hic
1196 4708 1254 4774 pro
1283 4686 1456 4753 nominatis
1484 4697 1676 4773 reputamus,

414 4910 491 4968 ¹Ms.
509 4910 648 4984 jedenfalls
667 4911 854 4968 verschrieben
874 4914 1021 4987 extinguas.
