3844 5582
300 322 361 387 148
1519 323 1574 390 idai
1593 350 1668 405 153o

403 493 487 562 Cum
516 495 550 561 in
573 492 742 583 prohemio
771 508 803 564 et
826 496 906 564 circa
933 490 1032 564 finem
1061 492 1164 563 brevis
1187 494 1328 566 videatur
1352 495 1434 583 Papa
1457 494 1551 578 velle,
1581 495 1668 586 quod

297 603 374 670 haec
391 624 482 668 causa
503 602 690 669 terminetur
714 603 797 669 iuxta
813 625 973 669 canonum
999 623 1029 670 et
1053 604 1127 669 iuris
1144 602 1399 690 dispositionem,
1422 614 1529 689 aperte
1545 600 1668 669 videtur

297 705 463 775 excludere
485 730 595 793 regem
619 731 637 774 a
661 707 916 775 consideratione
935 706 1146 794 Theologiae,
1170 730 1271 796 aqua
1294 731 1360 774 non
1385 704 1508 775 uidetur
1531 709 1608 795 regi,
1632 731 1667 775 se

296 812 410 880 debere
435 811 566 896 excludi,
591 816 774 901 praesertim
800 837 872 881 cum
896 827 1005 900 agatur
1029 813 1067 880 de
1092 813 1292 880 exoneranda
1317 814 1522 895 conscientia,
1545 815 1578 879 iu
1601 836 1666 902 quo

296 921 433 986 maxime
457 919 576 987 attendi
600 919 694 986 debet
717 918 908 1007 Theologia.

402 1025 486 1092 Cum
511 1049 565 1092 rex
588 1025 638 1092 vel
661 1037 792 1113 agentes
822 1048 880 1113 pro
905 1049 944 1092 eo
974 1028 1132 1104 insistant,
1162 1036 1195 1092 ut
1219 1024 1392 1092 declaretur
1420 1024 1513 1092 licere
1541 1025 1667 1114 quibus-

295 1155 419 1220 cunque
447 1130 607 1218 theologis
636 1131 731 1198 libere
759 1131 879 1215 dicere,
907 1131 982 1221 quid
1013 1133 1044 1197 in
1073 1131 1130 1198 hac
1159 1155 1250 1199 causa
1280 1134 1430 1213 sentiant,
1459 1143 1490 1199 et
1519 1133 1551 1198 iu
1579 1132 1666 1199 brevi

295 1239 403 1304 omnia
427 1228 656 1324 restringantur
679 1236 718 1304 ad
734 1261 893 1305 canonum
919 1250 951 1306 et
973 1239 1048 1304 iuris
1065 1236 1319 1326 dispositionem,
1344 1236 1467 1303 videtur
1490 1260 1545 1324 per
1562 1239 1665 1324 ipsum

294 1342 389 1411 breve
412 1343 462 1411 vel
485 1342 563 1410 nihil
591 1342 778 1431 dispositum
803 1343 908 1432 quoad
931 1343 1162 1430 Theologiam,
1190 1343 1240 1409 vel
1264 1346 1308 1409 eis
1337 1343 1546 1430 prohibitum,
1575 1366 1609 1409 se
1633 1344 1664 1408 in

296 1450 351 1516 hac
376 1472 467 1516 causa
492 1451 714 1516 intromittere.

400 1554 484 1623 Cum
509 1557 642 1642 petitum
667 1554 774 1637 fuerit,
803 1567 837 1622 ut
860 1556 1029 1645 unicuique
1058 1555 1147 1622 liceat
1175 1553 1271 1622 libere
1299 1555 1419 1637 dicere,
1448 1554 1522 1643 quid
1550 1557 1584 1621 in
1608 1554 1665 1621 hac

265 1684 385 1728 -causa
417 1664 545 1743 sentiat,
578 1675 609 1729 et
639 1661 733 1729 breve
763 1659 913 1749 procedat
945 1663 1105 1749 negative,
1137 1661 1348 1749 principaliter
1377 1659 1501 1728 videtur
1529 1659 1664 1727 intentio

292 1767 394 1835 brevis
419 1791 485 1834 non
510 1791 589 1849 esse,
613 1787 647 1834 ut
671 1766 799 1856 quilibet
822 1769 922 1854 possit
944 1767 1095 1851 scribere,
1122 1766 1178 1834 sed
1201 1767 1335 1834 limitare
1359 1781 1550 1855 potestatem
1573 1766 1663 1847 illius,

292 1875 345 1962 qui
368 1874 443 1940 velit
465 1873 612 1955 scribere,
638 1885 668 1941 et
692 1875 715 1939 si
742 1873 818 1940 nihil
834 1871 957 1941 videtur
980 1875 1143 1961 provisum
1167 1873 1205 1940 ad
1230 1873 1271 1954 id,
1296 1875 1443 1961 petimus,
1468 1885 1501 1939 ut
1524 1896 1567 1939 sc.
1592 1895 1664 1960 pro-

292 1979 434 2047 videatur
457 1979 562 2069 quoad
579 2002 646 2061 eos,
670 1981 723 2068 qui
747 1978 852 2067 aliquo
873 1999 1017 2067 respectu
1041 1979 1163 2047 nollent
1187 1978 1235 2046 vel
1259 2001 1325 2045 non
1343 1979 1495 2046 auderent
1518 1976 1662 2046 scribere.

293 2085 377 2152 Cum
393 2086 538 2152 Veneriis
566 2086 659 2174 aliqui
686 2084 801 2152 fuerint
830 2087 930 2152 coacti
960 2085 1163 2167 comburere,
1191 2085 1276 2174 quod
1306 2086 1338 2151 in
1362 2085 1419 2152 hac
1450 2108 1540 2151 causa
1568 2085 1664 2172 scrip·

292 2203 407 2275 serant,
433 2202 463 2258 et
479 2190 608 2258 ulterius
632 2190 781 2279 prohibiti
805 2190 930 2274 fuerint,
955 2191 994 2258 de
1011 2211 1118 2259 cetero
1142 2193 1174 2257 in
1194 2192 1251 2258 hac
1276 2215 1367 2258 causa
1390 2214 1423 2258 se
1440 2192 1663 2271 intromittere,

292 2320 358 2365 non
383 2296 506 2364 videtur
534 2296 643 2379 breve,
673 2296 712 2364 de
736 2320 800 2387 quo
824 2299 936 2385 agitur,
965 2296 1141 2365 satisfacere
1165 2298 1311 2385 petitioni
1337 2310 1477 2378 nostrae,
1501 2320 1581 2386 quae
1606 2317 1663 2377 est,

293 2423 326 2471 ut
353 2403 412 2471 illis
442 2403 626 2485 declaretur,
656 2405 772 2470 mentis
800 2403 931 2471 Beatmi.
957 2405 997 2470 D.
1022 2404 1063 2471 N.
1089 2427 1171 2486 esse,
1201 2416 1234 2471 ut
1263 2405 1476 2491 unusquisque
1505 2404 1605 2490 possit
1633 2415 1664 2469 et

293 2509 404 2578 debeat
429 2509 532 2577 dicere
556 2532 615 2597 pro
638 2512 779 2592 veritate,
804 2509 878 2599 quid
902 2510 935 2575 in
959 2508 1016 2577 hac
1041 2533 1132 2577 causa
1154 2511 1277 2577 sentiat.

398 2616 482 2683 Cum
512 2617 545 2681 in
568 2615 656 2683 brevi
684 2614 737 2683 fiat
762 2639 906 2703 expressa
936 2616 1058 2682 mentio
1088 2614 1128 2683 de
1156 2613 1330 2695 advocatis,
1361 2614 1485 2681 videtur
1514 2616 1580 2700 regi
1611 2638 1663 2680 ex-

292 2744 398 2809 presse
426 2721 601 2810 prohiberi,
632 2721 718 2809 quod
747 2721 896 2788 omnibus
926 2721 1111 2789 conceditur
1138 2721 1188 2788 vel
1215 2720 1325 2788 saltem
1354 2718 1525 2801 tolleratur,
1557 2732 1591 2786 ut
1618 2742 1661 2786 sc.

292 2831 414 2916 possint
443 2830 487 2895 uti
511 2826 665 2915 suffragiis
695 2826 924 2895 advocatorum
952 2827 1048 2894 libere
1077 2829 1108 2894 in
1139 2850 1250 2894 eorum
1280 2827 1395 2907 causis;
1428 2826 1548 2892 nemini
1576 2826 1662 2893 enim

292 2933 439 3021 prohibet
462 2934 607 3002 Romana
631 2934 714 3000 curia
738 2935 782 3001 uti
805 2932 956 3021 suffragio
980 2933 1208 3001 advocatorum
1236 2935 1266 2998 in
1291 2933 1390 2999 causis
1414 2933 1488 3013 suis,
1518 2932 1611 2998 etiam
1636 2934 1662 2998 si

292 3063 359 3106 non
382 3038 488 3107 foveat
511 3040 677 3121 iustitiam3
711 3051 780 3106 esto
804 3041 922 3129 itaque,
954 3038 1040 3128 quod
1064 3063 1118 3107 rex
1142 3063 1208 3105 uon
1236 3038 1359 3106 foveret
1383 3038 1547 3119 iustitiam,
1575 3039 1662 3104 cuius

293 3146 485 3213 contrarium
511 3146 646 3211 omnino
675 3144 889 3232 praetenditur
919 3158 949 3212 et
972 3144 1058 3234 quod
1090 3168 1157 3212 non
1180 3157 1286 3232 potest
1314 3167 1398 3210 nunc
1422 3143 1461 3210 de
1485 3165 1560 3230 rege
1584 3141 1662 3210 iudi-

293 3252 364 3334 cari,
389 3274 462 3318 cum
485 3252 552 3316 iura
575 3273 629 3317 sua
652 3249 753 3317 adhuc
777 3273 844 3317 non
868 3250 1058 3338 allegaverit,
1082 3250 1193 3339 quibus
1216 3250 1298 3317 forte
1322 3249 1353 3315 S.
1377 3250 1418 3315 D.
1439 3249 1479 3314 N.
1504 3250 1535 3315 in
1559 3269 1661 3336 partes

292 3381 362 3424 suas
387 3355 597 3439 induceretur,
627 3379 721 3445 quare
751 3356 955 3446 illaqueantur
979 3359 1118 3424 censuris
1148 3358 1194 3423 sui
1224 3356 1383 3438 advocati,
1413 3369 1443 3422 et
1466 3356 1510 3421 sic
1540 3356 1570 3420 in
1600 3355 1661 3421 hoc

292 3463 458 3530 deterioris
482 3475 529 3530 est
553 3461 746 3530 conditionis
770 3463 832 3529 Sua
853 3463 1011 3545 Maiestas,
1035 3487 1130 3552 quam
1154 3461 1282 3551 quilibet
1304 3463 1452 3550 privatus.
1466 3462 1559 3527 etiam
1582 3460 1660 3527 vilis.

291 3569 379 3636 ldem
404 3583 435 3636 et
458 3569 560 3636 multo
585 3568 697 3635 fortius
721 3568 833 3636 dicitur
857 3569 896 3636 de
920 3569 1059 3657 generali
1082 3568 1311 3656 prohibitione,
1341 3590 1419 3656 quae
1443 3568 1476 3632 in
1499 3566 1585 3633 brevi
1610 3568 1662 3633 ha-

291 3673 399 3757 betur;
432 3677 476 3741 sic
507 3676 592 3740 enim
621 3674 750 3763 quilibet
778 3675 906 3742 alicuius
936 3676 1085 3762 principis
1117 3675 1260 3742 minister
1287 3671 1507 3761 prohiberetur
1536 3694 1591 3759 per
1615 3674 1661 3737 in-

292 3780 461 3860 directum,
492 3780 600 3848 lovere
624 3803 749 3847 causam
779 3782 827 3847 sui
849 3782 1009 3868 principis,
1037 3779 1123 3870 quod
1152 3780 1303 3847 hactenus
1334 3781 1365 3844 in
1396 3778 1453 3844 hac
1482 3779 1596 3858 curia,¹
1629 3779 1661 3843 in

291 3910 351 3974 qua
367 3884 493 3952 cuilibet
509 3888 637 3969 oratori,
662 3888 869 3973 procuratori,
893 3886 1086 3953 sollicitatori
1107 3898 1137 3953 et
1154 3884 1278 3952 cuilibet
1298 3884 1383 3951 alteri
1400 3906 1525 3970 semper
1540 3882 1659 3949 licitum

293 3991 405 4081 (erat),
429 4014 487 4080 pro
510 3992 657 4058 Domino
681 4015 740 4059 suo
765 3992 860 4061 libere
884 4015 977 4081 agere
1001 3992 1084 4059 nulla
1108 3991 1209 4058 habita
1233 3990 1503 4069 consideratione,
1530 4011 1569 4053 an
1593 3988 1661 4055 Do·

293 4099 397 4164 minus
426 4121 500 4164 suus
523 4097 629 4166 foveat
657 4100 770 4166 iustam
794 4122 920 4166 causam
943 4098 994 4166 vel
1017 4121 1099 4180 non,
1131 4122 1204 4164 cum
1228 4120 1294 4163 non
1318 4108 1438 4183 spectet
1461 4094 1499 4161 ad
1521 4117 1659 4175 servum,

292 4203 346 4269 has
371 4202 642 4271 considerationes
666 4204 780 4272 habere
804 4219 856 4272 aut
880 4204 1062 4272 huiusmodi
1087 4204 1307 4271 distinctiones
1330 4201 1441 4269 facere.

397 4309 481 4377 Cum
511 4309 606 4377 breve
638 4312 677 4377 sit
708 4308 861 4378 directum
896 4312 1049 4378 universis
1080 4323 1111 4377 et
1143 4308 1272 4396 singulis
1304 4309 1337 4373 in
1370 4329 1472 4395 eoque
1505 4317 1659 4386 caveatur,

291 4415 378 4504 quod
402 4415 493 4482 detur
516 4414 594 4483 hdes
617 4418 832 4503 transumptis,
861 4430 892 4483 et
915 4418 959 4483 sic
983 4415 1151 4482 verisimile
1174 4428 1369 4499 transumpta
1392 4408 1573 4477 huiusmodi
1597 4412 1660 4477 sint

292 4520 440 4589 omnibus
468 4521 652 4609 publicanda
681 4542 711 4588 et
735 4520 902 4609 parietibus
932 4520 1104 4608 affigenda,
1127 4520 1251 4587 videtur
1273 4518 1386 4584 honori
1417 4517 1499 4602 regis
1528 4515 1659 4598 detrahi,

292 4630 317 4694 si
340 4650 531 4716 quocunque
559 4641 722 4716 praetextu
746 4650 866 4694 nomen
891 4651 983 4694 suum
1007 4626 1175 4715 parietibus
1198 4624 1350 4712 affigatur,
1378 4621 1561 4709 praesertim
1586 4643 1659 4686 cum

291 4732 396 4822 quoad
420 4744 541 4821 partem
565 4756 653 4800 suam
679 4731 937 4800 videatur'breve
961 4756 1085 4801 causam
1110 4732 1190 4799 hanc
1213 4753 1350 4819 gravare.

400 4969 406 4997 ¹
426 4961 502 5014 Etwa
522 4980 552 5013 zu
572 4968 716 5031 erginzen:
737 4965 835 5016 nemini
855 4964 1017 5034 prohibitum
1037 4964 1091 5017 suit.
